@book{Thrun2005,
	author = {S. Thrun and W. Burgard and D. Fox},
	title = {Probabilistic Robotics},
	edition = {1st},
	year = {2005},
	publisher = {The {MIT} Press},
	location = {Boston, Massachusetts, USA}
}
@ARTICLE{vbr2018,
       author = {{Vartanyan}, David and {Burrows}, Adam and {Radice}, David and {Skinner}, M. Aaron and {Dolence}, Joshua},
        title = "{Revival of the fittest: exploding core-collapse supernovae from 12 to 25 M$_{{\ensuremath{\odot}}}$}",
      journal = {\mnras},
     keywords = {stars: general, supernovae: general, Astrophysics - High Energy Astrophysical Phenomena},
         year = 2018,
        month = jul,
       volume = {477},
       number = {3},
        pages = {3091-3108},
          doi = {10.1093/mnras/sty809},
archivePrefix = {arXiv},
       eprint = {1801.08148},
 primaryClass = {astro-ph.HE},
       adsurl = {https://ui.adsabs.harvard.edu/abs/2018MNRAS.477.3091V},
      adsnote = {Provided by the SAO/NASA Astrophysics Data System}
}
@ARTICLE{bvd2018,
       author = {{Burrows}, A. and {Vartanyan}, D. and {Dolence}, J.~C. and {Skinner}, M.~A. and {Radice}, D.},
        title = "{Crucial Physical Dependencies of the Core-Collapse Supernova Mechanism}",
      journal = {\ssr},
     keywords = {Supernova theory, Neutrino physics, Multi-dimensional radiation/hydrodynamics, Astrophysics - Solar and Stellar Astrophysics, Astrophysics - High Energy Astrophysical Phenomena},
         year = 2018,
        month = feb,
       volume = {214},
       number = {1},
          eid = {33},
        pages = {33},
          doi = {10.1007/s11214-017-0450-9},
archivePrefix = {arXiv},
       eprint = {1611.05859},
 primaryClass = {astro-ph.SR},
       adsurl = {https://ui.adsabs.harvard.edu/abs/2018SSRv..214...33B},
      adsnote = {Provided by the SAO/NASA Astrophysics Data System}
}
@ARTICLE{mth2019,
       author = {{M{\"u}ller}, Bernhard and {Tauris}, Thomas M. and {Heger}, Alexander and {Banerjee}, Projjwal and {Qian}, Yong-Zhong and {Powell}, Jade and {Chan}, Conrad and {Gay}, Daniel W. and {Langer}, Norbert},
        title = "{Three-dimensional simulations of neutrino-driven core-collapse supernovae from low-mass single and binary star progenitors}",
      journal = {\mnras},
     keywords = {stars: massive, stars: neutron, supernovae: general, Astrophysics - Solar and Stellar Astrophysics, Astrophysics - High Energy Astrophysical Phenomena},
         year = 2019,
        month = apr,
       volume = {484},
       number = {3},
        pages = {3307-3324},
          doi = {10.1093/mnras/stz216},
archivePrefix = {arXiv},
       eprint = {1811.05483},
 primaryClass = {astro-ph.SR},
       adsurl = {https://ui.adsabs.harvard.edu/abs/2019MNRAS.484.3307M},
      adsnote = {Provided by the SAO/NASA Astrophysics Data System}
}
@ARTICLE{mjm2015,
       author = {{Melson}, Tobias and {Janka}, Hans-Thomas and {Marek}, Andreas},
        title = "{Neutrino-driven Supernova of a Low-mass Iron-core Progenitor Boosted by Three-dimensional Turbulent Convection}",
      journal = {\apjl},
     keywords = {hydrodynamics, instabilities, neutrinos, supernovae: general, Astrophysics - Solar and Stellar Astrophysics, Astrophysics - High Energy Astrophysical Phenomena, Nuclear Theory},
         year = 2015,
        month = mar,
       volume = {801},
       number = {2},
          eid = {L24},
        pages = {L24},
          doi = {10.1088/2041-8205/801/2/L24},
archivePrefix = {arXiv},
       eprint = {1501.01961},
 primaryClass = {astro-ph.SR},
       adsurl = {https://ui.adsabs.harvard.edu/abs/2015ApJ...801L..24M},
      adsnote = {Provided by the SAO/NASA Astrophysics Data System}
}
@ARTICLE{oc2018a,
       author = {{O'Connor}, Evan P. and {Couch}, Sean M.},
        title = "{Two-dimensional Core-collapse Supernova Explosions Aided by General Relativity with Multidimensional Neutrino Transport}",
      journal = {\apj},
     keywords = {hydrodynamics, methods: numerical, neutrinos, radiative transfer, stars: neutron, supernovae: general, Astrophysics - High Energy Astrophysical Phenomena, Astrophysics - Solar and Stellar Astrophysics, General Relativity and Quantum Cosmology},
         year = 2018,
        month = feb,
       volume = {854},
       number = {1},
          eid = {63},
        pages = {63},
          doi = {10.3847/1538-4357/aaa893},
archivePrefix = {arXiv},
       eprint = {1511.07443},
 primaryClass = {astro-ph.HE},
       adsurl = {https://ui.adsabs.harvard.edu/abs/2018ApJ...854...63O},
      adsnote = {Provided by the SAO/NASA Astrophysics Data System}
}
@PHDTHESIS{a2017,
       author = {{Andresen}, Haakon},
        title = "{The study of gravitational waves from three-dimensional simulations of core-collapse supernovae}",
       school = {Munich University of Technology, Germany},
         year = 2017,
        month = jan,
       adsurl = {https://ui.adsabs.harvard.edu/abs/2017PhDT.......281A},
      adsnote = {Provided by the SAO/NASA Astrophysics Data System}
}
@ARTICLE{oc2018b,
       author = {{O'Connor}, Evan P. and {Couch}, Sean M.},
        title = "{Exploring Fundamentally Three-dimensional Phenomena in High-fidelity Simulations of Core-collapse Supernovae}",
      journal = {\apj},
     keywords = {convection, hydrodynamics, methods: numerical, stars: massive, supernovae: general, turbulence, Astrophysics - High Energy Astrophysical Phenomena, Astrophysics - Solar and Stellar Astrophysics},
         year = 2018,
        month = oct,
       volume = {865},
       number = {2},
          eid = {81},
        pages = {81},
          doi = {10.3847/1538-4357/aadcf7},
archivePrefix = {arXiv},
       eprint = {1807.07579},
 primaryClass = {astro-ph.HE},
       adsurl = {https://ui.adsabs.harvard.edu/abs/2018ApJ...865...81O},
      adsnote = {Provided by the SAO/NASA Astrophysics Data System}
}
@ARTICLE{rj2002,
       author = {{Rampp}, M. and {Janka}, H. -T.},
        title = "{Radiation hydrodynamics with neutrinos. Variable Eddington factor method for core-collapse supernova simulations}",
      journal = {\aap},
     keywords = {stars: supernovae: general, elementary particles, hydrodynamics, neutrinos, Astrophysics},
         year = 2002,
        month = dec,
       volume = {396},
        pages = {361-392},
          doi = {10.1051/0004-6361:20021398},
archivePrefix = {arXiv},
       eprint = {astro-ph/0203101},
 primaryClass = {astro-ph},
       adsurl = {https://ui.adsabs.harvard.edu/abs/2002A&A...396..361R},
      adsnote = {Provided by the SAO/NASA Astrophysics Data System}
}
@BOOK{g2012,
       author = {{Gourgoulhon}, Eric},
        title = "{3+1 Formalism in General Relativity}",
         year = 2012,
       adsurl = {https://ui.adsabs.harvard.edu/abs/2012LNP...846.....G},
      adsnote = {Provided by the SAO/NASA Astrophysics Data System},
    publisher = "Springer Berlin, Heidelberg"
}
@ARTICLE{yy2005,
       author = {{Yamasaki}, Tatsuya and {Yamada}, Shoichi},
        title = "{Effects of Rotation on the Revival of a Stalled Shock in Supernova Explosions}",
      journal = {\apj},
     keywords = {Hydrodynamics, Shock Waves, Stars: Rotation, Stars: Supernovae: General, Astrophysics},
         year = 2005,
        month = apr,
       volume = {623},
       number = {2},
        pages = {1000-1010},
          doi = {10.1086/428496},
archivePrefix = {arXiv},
       eprint = {astro-ph/0412625},
 primaryClass = {astro-ph},
       adsurl = {https://ui.adsabs.harvard.edu/abs/2005ApJ...623.1000Y},
      adsnote = {Provided by the SAO/NASA Astrophysics Data System}
}
@ARTICLE{gst2001,
       author = {{Gottlieb}, Sigal and {Shu}, Chi-Wang and {Tadmor}, Eitan},
        title = "{Strong Stability-Preserving High-Order Time Discretization Methods}",
      journal = {SIAM Review},
     keywords = {strong stability preserving, Runge--Kutta methods, multistep methods, high-order accuracy, time discretization},
         year = 2001,
        month = jan,
       volume = {43},
       number = {1},
        pages = {89-112},
          doi = {10.1137/S003614450036757X},
       adsurl = {https://ui.adsabs.harvard.edu/abs/2001SIAMR..43...89G},
      adsnote = {Provided by the SAO/NASA Astrophysics Data System}
}
@ARTICLE{bfg2023,
       author = {{Buellet}, A. -C. and {Foglizzo}, T. and {Guilet}, J. and {Abdikamalov}, E.},
        title = "{Effect of stellar rotation on the development of post-shock instabilities during core-collapse supernovae}",
      journal = {\aap},
     keywords = {convection, stars: rotation, supernovae: general, hydrodynamics, Astrophysics - High Energy Astrophysical Phenomena, Astrophysics - Solar and Stellar Astrophysics},
         year = 2023,
        month = jun,
       volume = {674},
          eid = {A205},
        pages = {A205},
          doi = {10.1051/0004-6361/202245799},
archivePrefix = {arXiv},
       eprint = {2301.01962},
 primaryClass = {astro-ph.HE},
       adsurl = {https://ui.adsabs.harvard.edu/abs/2023A&A...674A.205B},
      adsnote = {Provided by the SAO/NASA Astrophysics Data System}
}
@ARTICLE{m2016,
       author = {{M{\"u}ller}, B.},
        title = "{The Status of Multi-Dimensional Core-Collapse Supernova Models}",
      journal = {\pasa},
     keywords = {hydrodynamics, instabilities, neutrinos, stars: evolution, stars: massive, supernovae: general, Astrophysics - Solar and Stellar Astrophysics, Astrophysics - High Energy Astrophysical Phenomena},
         year = 2016,
        month = sep,
       volume = {33},
          eid = {e048},
        pages = {e048},
          doi = {10.1017/pasa.2016.40},
archivePrefix = {arXiv},
       eprint = {1608.03274},
 primaryClass = {astro-ph.SR},
       adsurl = {https://ui.adsabs.harvard.edu/abs/2016PASA...33...48M},
      adsnote = {Provided by the SAO/NASA Astrophysics Data System}
}
@ARTICLE{j2016,
       author = {{Janka}, Hans-Thomas and {Melson}, Tobias and {Summa}, Alexander},
        title = "{Physics of Core-Collapse Supernovae in Three Dimensions: A Sneak Preview}",
      journal = {Annual Review of Nuclear and Particle Science},
     keywords = {Astrophysics - Solar and Stellar Astrophysics, High Energy Physics - Phenomenology, Nuclear Theory},
         year = 2016,
        month = oct,
       volume = {66},
       number = {1},
        pages = {341-375},
          doi = {10.1146/annurev-nucl-102115-044747},
archivePrefix = {arXiv},
       eprint = {1602.05576},
 primaryClass = {astro-ph.SR},
       adsurl = {https://ui.adsabs.harvard.edu/abs/2016ARNPS..66..341J},
      adsnote = {Provided by the SAO/NASA Astrophysics Data System}
}

@INCOLLECTION{janka2017,
       author = {{Janka}, Hans-Thomas},
        title = "{Neutrino-Driven Explosions}",
     keywords = {Physics, Astrophysics - High Energy Astrophysical Phenomena},
    booktitle = {Handbook of Supernovae},
         year = 2017,
       editor = {{Alsabti}, Athem W. and {Murdin}, Paul},
        pages = {1095},
          doi = {10.1007/978-3-319-21846-5_109},
       adsurl = {https://ui.adsabs.harvard.edu/abs/2017hsn..book.1095J},
      adsnote = {Provided by the SAO/NASA Astrophysics Data System}
}
@ARTICLE{m2020,
       author = {{M{\"u}ller}, Bernhard},
        title = "{Hydrodynamics of core-collapse supernovae and their progenitors}",
      journal = {Living Reviews in Computational Astrophysics},
     keywords = {Supernovae, Massive stars, Hydrodynamics, Convection, Instabilities, Numerical methods, Astrophysics - Solar and Stellar Astrophysics, Astrophysics - High Energy Astrophysical Phenomena},
         year = 2020,
        month = jun,
       volume = {6},
       number = {1},
          eid = {3},
        pages = {3},
          doi = {10.1007/s41115-020-0008-5},
archivePrefix = {arXiv},
       eprint = {2006.05083},
 primaryClass = {astro-ph.SR},
       adsurl = {https://ui.adsabs.harvard.edu/abs/2020LRCA....6....3M},
      adsnote = {Provided by the SAO/NASA Astrophysics Data System}
}
@ARTICLE{bv2021,
       author = {{Burrows}, A. and {Vartanyan}, D.},
        title = "{Core-collapse supernova explosion theory}",
      journal = {\nat},
     keywords = {Astrophysics - Solar and Stellar Astrophysics, Astrophysics - High Energy Astrophysical Phenomena},
         year = 2021,
        month = jan,
       volume = {589},
       number = {7840},
        pages = {29-39},
          doi = {10.1038/s41586-020-03059-w},
archivePrefix = {arXiv},
       eprint = {2009.14157},
 primaryClass = {astro-ph.SR},
       adsurl = {https://ui.adsabs.harvard.edu/abs/2021Natur.589...29B},
      adsnote = {Provided by the SAO/NASA Astrophysics Data System}
}
@ARTICLE{hmm2012,
       author = {{Hanke}, Florian and {Marek}, Andreas and {M{\"u}ller}, Bernhard and {Janka}, Hans-Thomas},
        title = "{Is Strong SASI Activity the Key to Successful Neutrino-driven Supernova Explosions?}",
      journal = {\apj},
     keywords = {hydrodynamics, stars: interiors, supernovae: general, neutrinos, Astrophysics - Solar and Stellar Astrophysics},
         year = 2012,
        month = aug,
       volume = {755},
       number = {2},
          eid = {138},
        pages = {138},
          doi = {10.1088/0004-637X/755/2/138},
archivePrefix = {arXiv},
       eprint = {1108.4355},
 primaryClass = {astro-ph.SR},
       adsurl = {https://ui.adsabs.harvard.edu/abs/2012ApJ...755..138H},
      adsnote = {Provided by the SAO/NASA Astrophysics Data System}
}
@ARTICLE{hmw2013,
       author = {{Hanke}, Florian and {M{\"u}ller}, Bernhard and {Wongwathanarat}, Annop and {Marek}, Andreas and {Janka}, Hans-Thomas},
        title = "{SASI Activity in Three-dimensional Neutrino-hydrodynamics Simulations of Supernova Cores}",
      journal = {\apj},
     keywords = {hydrodynamics, instabilities, neutrinos, supernovae: general, Astrophysics - Solar and Stellar Astrophysics},
         year = 2013,
        month = jun,
       volume = {770},
       number = {1},
          eid = {66},
        pages = {66},
          doi = {10.1088/0004-637X/770/1/66},
archivePrefix = {arXiv},
       eprint = {1303.6269},
 primaryClass = {astro-ph.SR},
       adsurl = {https://ui.adsabs.harvard.edu/abs/2013ApJ...770...66H},
      adsnote = {Provided by the SAO/NASA Astrophysics Data System}
}
@ARTICLE{sjm2018,
       author = {{Summa}, Alexander and {Janka}, Hans-Thomas and {Melson}, Tobias and {Marek}, Andreas},
        title = "{Rotation-supported Neutrino-driven Supernova Explosions in Three Dimensions and the Critical Luminosity Condition}",
      journal = {\apj},
     keywords = {hydrodynamics, instabilities, supernovae: general, neutrinos, Astrophysics - High Energy Astrophysical Phenomena, Astrophysics - Solar and Stellar Astrophysics},
         year = 2018,
        month = jan,
       volume = {852},
       number = {1},
          eid = {28},
        pages = {28},
          doi = {10.3847/1538-4357/aa9ce8},
archivePrefix = {arXiv},
       eprint = {1708.04154},
 primaryClass = {astro-ph.HE},
       adsurl = {https://ui.adsabs.harvard.edu/abs/2018ApJ...852...28S},
      adsnote = {Provided by the SAO/NASA Astrophysics Data System}
}
@ARTICLE{m2023,
       author = {{Mezzacappa}, Anthony},
        title = "{Toward Realistic Models of Core Collapse Supernovae: A Brief Review}",
      journal = {IAU Symposium},
     keywords = {supernovae: general, neutrinos, hydrodynamics, relativity, Astrophysics - Solar and Stellar Astrophysics, Astrophysics - High Energy Astrophysical Phenomena},
         year = 2023,
        month = jan,
       volume = {362},
        pages = {215-227},
          doi = {10.1017/S1743921322001831},
archivePrefix = {arXiv},
       eprint = {2205.13438},
 primaryClass = {astro-ph.SR},
       adsurl = {https://ui.adsabs.harvard.edu/abs/2023IAUS..362..215M},
      adsnote = {Provided by the SAO/NASA Astrophysics Data System}
}
@ARTICLE{dad2023,
       author = {{Drago}, Marco and {Andresen}, Haakon and {Di Palma}, Irene and {Tamborra}, Irene and {Torres-Forn{\'e}}, Alejandro},
        title = "{Multi-messenger observations of core-collapse supernovae: Exploiting the standing accretion shock instability}",
      journal = {arXiv e-prints},
     keywords = {Astrophysics - High Energy Astrophysical Phenomena, Astrophysics - Instrumentation and Methods for Astrophysics, General Relativity and Quantum Cosmology},
         year = 2023,
        month = may,
          eid = {arXiv:2305.07688},
        pages = {arXiv:2305.07688},
          doi = {10.48550/arXiv.2305.07688},
archivePrefix = {arXiv},
       eprint = {2305.07688},
 primaryClass = {astro-ph.HE},
       adsurl = {https://ui.adsabs.harvard.edu/abs/2023arXiv230507688D},
      adsnote = {Provided by the SAO/NASA Astrophysics Data System}
}
@ARTICLE{amj2019,
       author = {{Andresen}, H. and {M{\"u}ller}, E. and {Janka}, H. -Th and {Summa}, A. and {Gill}, K. and {Zanolin}, M.},
        title = "{Gravitational waves from 3D core-collapse supernova models: The impact of moderate progenitor rotation}",
      journal = {\mnras},
     keywords = {gravitational waves, hydrodynamics, instabilities, supernovae: general, Astrophysics - High Energy Astrophysical Phenomena, Astrophysics - Solar and Stellar Astrophysics},
         year = 2019,
        month = jun,
       volume = {486},
       number = {2},
        pages = {2238-2253},
          doi = {10.1093/mnras/stz990},
archivePrefix = {arXiv},
       eprint = {1810.07638},
 primaryClass = {astro-ph.HE},
       adsurl = {https://ui.adsabs.harvard.edu/abs/2019MNRAS.486.2238A},
      adsnote = {Provided by the SAO/NASA Astrophysics Data System}
}
@ARTICLE{hkk2018,
       author = {{Hayama}, Kazuhiro and {Kuroda}, Takami and {Kotake}, Kei and {Takiwaki}, Tomoya},
        title = "{Circular polarization of gravitational waves from non-rotating supernova cores: a new probe into the pre-explosion hydrodynamics}",
      journal = {\mnras},
     keywords = {stars: interiors, stars: massive, supernovae: general, Astrophysics - High Energy Astrophysical Phenomena, General Relativity and Quantum Cosmology},
         year = 2018,
        month = jun,
       volume = {477},
       number = {1},
        pages = {L96-L100},
          doi = {10.1093/mnrasl/sly055},
archivePrefix = {arXiv},
       eprint = {1802.03842},
 primaryClass = {astro-ph.HE},
       adsurl = {https://ui.adsabs.harvard.edu/abs/2018MNRAS.477L..96H},
      adsnote = {Provided by the SAO/NASA Astrophysics Data System}
}
@ARTICLE{kkt2016,
       author = {{Kuroda}, Takami and {Kotake}, Kei and {Takiwaki}, Tomoya},
        title = "{A New Gravitational-wave Signature from Standing Accretion Shock Instability in Supernovae}",
      journal = {\apjl},
     keywords = {gravitational waves, hydrodynamics, supernovae: general, Astrophysics - High Energy Astrophysical Phenomena},
         year = 2016,
        month = sep,
       volume = {829},
       number = {1},
          eid = {L14},
        pages = {L14},
          doi = {10.3847/2041-8205/829/1/L14},
archivePrefix = {arXiv},
       eprint = {1605.09215},
 primaryClass = {astro-ph.HE},
       adsurl = {https://ui.adsabs.harvard.edu/abs/2016ApJ...829L..14K},
      adsnote = {Provided by the SAO/NASA Astrophysics Data System}
}
@ARTICLE{co2014,
       author = {{Couch}, Sean M. and {O'Connor}, Evan P.},
        title = "{High-resolution Three-dimensional Simulations of Core-collapse Supernovae in Multiple Progenitors}",
      journal = {\apj},
     keywords = {hydrodynamics, methods: numerical, neutrinos, stars: interiors, supernovae: general, Astrophysics - High Energy Astrophysical Phenomena},
         year = 2014,
        month = apr,
       volume = {785},
       number = {2},
          eid = {123},
        pages = {123},
          doi = {10.1088/0004-637X/785/2/123},
archivePrefix = {arXiv},
       eprint = {1310.5728},
 primaryClass = {astro-ph.HE},
       adsurl = {https://ui.adsabs.harvard.edu/abs/2014ApJ...785..123C},
      adsnote = {Provided by the SAO/NASA Astrophysics Data System}
}
@ARTICLE{mat2022,
       author = {{Matsumoto}, J. and {Asahina}, Y. and {Takiwaki}, T. and {Kotake}, K. and {Takahashi}, H.~R.},
        title = "{Magnetic support for neutrino-driven explosion of 3D non-rotating core-collapse supernova models}",
      journal = {\mnras},
     keywords = {stars: magnetic field, stars: massive, supernovae: general, Astrophysics - High Energy Astrophysical Phenomena},
         year = 2022,
        month = oct,
       volume = {516},
       number = {2},
        pages = {1752-1767},
          doi = {10.1093/mnras/stac2335},
archivePrefix = {arXiv},
       eprint = {2202.07967},
 primaryClass = {astro-ph.HE},
       adsurl = {https://ui.adsabs.harvard.edu/abs/2022MNRAS.516.1752M},
      adsnote = {Provided by the SAO/NASA Astrophysics Data System}
}
@ARTICLE{ntk2022,
       author = {{Nakamura}, Ko and {Takiwaki}, Tomoya and {Kotake}, Kei},
        title = "{Three-dimensional simulation of a core-collapse supernova for a binary star progenitor of SN 1987A}",
      journal = {\mnras},
     keywords = {gravitational waves, hydrodynamics, neutrinos, supernovae: individual: SN 1987A, Astrophysics - High Energy Astrophysical Phenomena},
         year = 2022,
        month = aug,
       volume = {514},
       number = {3},
        pages = {3941-3952},
          doi = {10.1093/mnras/stac1586},
archivePrefix = {arXiv},
       eprint = {2202.06295},
 primaryClass = {astro-ph.HE},
       adsurl = {https://ui.adsabs.harvard.edu/abs/2022MNRAS.514.3941N},
      adsnote = {Provided by the SAO/NASA Astrophysics Data System}
}
@ARTICLE{vcb2022,
       author = {{Vartanyan}, David and {Coleman}, Matthew S.~B. and {Burrows}, Adam},
        title = "{The collapse and three-dimensional explosion of three-dimensional massive-star supernova progenitor models}",
      journal = {\mnras},
     keywords = {stars: general, (stars:) supernovae: general, Astrophysics - Solar and Stellar Astrophysics, Astrophysics - High Energy Astrophysical Phenomena},
         year = 2022,
        month = mar,
       volume = {510},
       number = {4},
        pages = {4689-4705},
          doi = {10.1093/mnras/stab3702},
archivePrefix = {arXiv},
       eprint = {2109.10920},
 primaryClass = {astro-ph.SR},
       adsurl = {https://ui.adsabs.harvard.edu/abs/2022MNRAS.510.4689V},
      adsnote = {Provided by the SAO/NASA Astrophysics Data System}
}
@ARTICLE{mv2020,
       author = {{M{\"u}ller}, Bernhard and {Varma}, Vishnu},
        title = "{A 3D simulation of a neutrino-driven supernova explosion aided by convection and magnetic fields}",
      journal = {\mnras},
     keywords = {MHD, turbulence, supernovae: general, Astrophysics - High Energy Astrophysical Phenomena, Astrophysics - Solar and Stellar Astrophysics},
         year = 2020,
        month = nov,
       volume = {498},
       number = {1},
        pages = {L109-L113},
          doi = {10.1093/mnrasl/slaa137},
archivePrefix = {arXiv},
       eprint = {2007.04775},
 primaryClass = {astro-ph.HE},
       adsurl = {https://ui.adsabs.harvard.edu/abs/2020MNRAS.498L.109M},
      adsnote = {Provided by the SAO/NASA Astrophysics Data System}
}
@ARTICLE{sjk2020,
       author = {{Stockinger}, G. and {Janka}, H. -T. and {Kresse}, D. and {Melson}, T. and {Ertl}, T. and {Gabler}, M. and {Gessner}, A. and {Wongwathanarat}, A. and {Tolstov}, A. and {Leung}, S. -C. and {Nomoto}, K. and {Heger}, A.},
        title = "{Three-dimensional models of core-collapse supernovae from low-mass progenitors with implications for Crab}",
      journal = {\mnras},
     keywords = {supernovae: general, stars: neutron, supernovae: individual: Crab, neutrinos, stars: massive, Hydrodynamics, Astrophysics - High Energy Astrophysical Phenomena},
         year = 2020,
        month = aug,
       volume = {496},
       number = {2},
        pages = {2039-2084},
          doi = {10.1093/mnras/staa1691},
archivePrefix = {arXiv},
       eprint = {2005.02420},
 primaryClass = {astro-ph.HE},
       adsurl = {https://ui.adsabs.harvard.edu/abs/2020MNRAS.496.2039S},
      adsnote = {Provided by the SAO/NASA Astrophysics Data System}
}
@ARTICLE{ytk2019,
       author = {{Yoshida}, Takashi and {Takiwaki}, Tomoya and {Kotake}, Kei and {Takahashi}, Koh and {Nakamura}, Ko and {Umeda}, Hideyuki},
        title = "{One-, Two-, and Three-dimensional Simulations of Oxygen-shell Burning Just before the Core Collapse of Massive Stars}",
      journal = {\apj},
     keywords = {convection, stars: massive, supernovae: general, hydrodynamics, Astrophysics - Solar and Stellar Astrophysics, Astrophysics - High Energy Astrophysical Phenomena},
         year = 2019,
        month = aug,
       volume = {881},
       number = {1},
          eid = {16},
        pages = {16},
          doi = {10.3847/1538-4357/ab2b9d},
archivePrefix = {arXiv},
       eprint = {1903.07811},
 primaryClass = {astro-ph.SR},
       adsurl = {https://ui.adsabs.harvard.edu/abs/2019ApJ...881...16Y},
      adsnote = {Provided by the SAO/NASA Astrophysics Data System}
}
@ARTICLE{brv2019,
       author = {{Burrows}, Adam and {Radice}, David and {Vartanyan}, David},
        title = "{Three-dimensional supernova explosion simulations of 9-, 10-, 11-, 12-, and 13-M$_{{\ensuremath{\odot}}}$ stars}",
      journal = {\mnras},
     keywords = {hydrodynamics, supernovae: general, Astrophysics - Solar and Stellar Astrophysics, Astrophysics - High Energy Astrophysical Phenomena},
         year = 2019,
        month = may,
       volume = {485},
       number = {3},
        pages = {3153-3168},
          doi = {10.1093/mnras/stz543},
archivePrefix = {arXiv},
       eprint = {1902.00547},
 primaryClass = {astro-ph.SR},
       adsurl = {https://ui.adsabs.harvard.edu/abs/2019MNRAS.485.3153B},
      adsnote = {Provided by the SAO/NASA Astrophysics Data System}
}
@ARTICLE{vbr2019,
       author = {{Vartanyan}, David and {Burrows}, Adam and {Radice}, David and {Skinner}, M. Aaron and {Dolence}, Joshua},
        title = "{A successful 3D core-collapse supernova explosion model}",
      journal = {\mnras},
     keywords = {stars: general, supernovae: general, Astrophysics - High Energy Astrophysical Phenomena, Astrophysics - Solar and Stellar Astrophysics},
         year = 2019,
        month = jan,
       volume = {482},
       number = {1},
        pages = {351-369},
          doi = {10.1093/mnras/sty2585},
archivePrefix = {arXiv},
       eprint = {1809.05106},
 primaryClass = {astro-ph.HE},
       adsurl = {https://ui.adsabs.harvard.edu/abs/2019MNRAS.482..351V},
      adsnote = {Provided by the SAO/NASA Astrophysics Data System}
}
@ARTICLE{mmh2017,
       author = {{M{\"u}ller}, Bernhard and {Melson}, Tobias and {Heger}, Alexander and {Janka}, Hans-Thomas},
        title = "{Supernova simulations from a 3D progenitor model - Impact of perturbations and evolution of explosion properties}",
      journal = {\mnras},
     keywords = {convection, hydrodynamics, turbulence, stars: massive, supernovae: general, Astrophysics - Solar and Stellar Astrophysics, Astrophysics - High Energy Astrophysical Phenomena},
         year = 2017,
        month = nov,
       volume = {472},
       number = {1},
        pages = {491-513},
          doi = {10.1093/mnras/stx1962},
archivePrefix = {arXiv},
       eprint = {1705.00620},
 primaryClass = {astro-ph.SR},
       adsurl = {https://ui.adsabs.harvard.edu/abs/2017MNRAS.472..491M},
      adsnote = {Provided by the SAO/NASA Astrophysics Data System}
}
@ARTICLE{roh2016,
       author = {{Roberts}, Luke F. and {Ott}, Christian D. and {Haas}, Roland and {O'Connor}, Evan P. and {Diener}, Peter and {Schnetter}, Erik},
        title = "{General-Relativistic Three-Dimensional Multi-group Neutrino Radiation-Hydrodynamics Simulations of Core-Collapse Supernovae}",
      journal = {\apj},
     keywords = {instabilities, neutrinos, supernovae: general, Astrophysics - High Energy Astrophysical Phenomena},
         year = 2016,
        month = nov,
       volume = {831},
       number = {1},
          eid = {98},
        pages = {98},
          doi = {10.3847/0004-637X/831/1/98},
archivePrefix = {arXiv},
       eprint = {1604.07848},
 primaryClass = {astro-ph.HE},
       adsurl = {https://ui.adsabs.harvard.edu/abs/2016ApJ...831...98R},
      adsnote = {Provided by the SAO/NASA Astrophysics Data System}
}
@ARTICLE{bmh2013,
       author = {{Bruenn}, Stephen W. and {Mezzacappa}, Anthony and {Hix}, W. Raphael and {Lentz}, Eric J. and {Messer}, O.~E. Bronson and {Lingerfelt}, Eric J. and {Blondin}, John M. and {Endeve}, Eirik and {Marronetti}, Pedro and {Yakunin}, Konstantin N.},
        title = "{Axisymmetric Ab Initio Core-collapse Supernova Simulations of 12-25 M $_{\odot}$ Stars}",
      journal = {\apjl},
     keywords = {neutrinos, radiative transfer, supernovae: general, Astrophysics - Solar and Stellar Astrophysics, Astrophysics - High Energy Astrophysical Phenomena},
         year = 2013,
        month = apr,
       volume = {767},
       number = {1},
          eid = {L6},
        pages = {L6},
          doi = {10.1088/2041-8205/767/1/L6},
archivePrefix = {arXiv},
       eprint = {1212.1747},
 primaryClass = {astro-ph.SR},
       adsurl = {https://ui.adsabs.harvard.edu/abs/2013ApJ...767L...6B},
      adsnote = {Provided by the SAO/NASA Astrophysics Data System}
}

@ARTICLE{pbe2021,
       author = {{Pochik}, David and {Barker}, Brandon L. and {Endeve}, Eirik and {Buffaloe}, Jesse and {Dunham}, Samuel J. and {Roberts}, Nick and {Mezzacappa}, Anthony},
        title = "{thornado-hydro: A Discontinuous Galerkin Method for Supernova Hydrodynamics with Nuclear Equations of State}",
      journal = {\apjs},
     keywords = {Computational methods, Core-collapse supernovae, Hydrodynamical simulations, Nuclear astrophysics, 1965, 304, 767, 1129, Astrophysics - High Energy Astrophysical Phenomena, Physics - Computational Physics},
         year = 2021,
        month = mar,
       volume = {253},
       number = {1},
          eid = {21},
        pages = {21},
          doi = {10.3847/1538-4365/abd700},
archivePrefix = {arXiv},
       eprint = {2011.04680},
 primaryClass = {astro-ph.HE},
       adsurl = {https://ui.adsabs.harvard.edu/abs/2021ApJS..253...21P},
      adsnote = {Provided by the SAO/NASA Astrophysics Data System}
}

@ARTICLE{wtj2020,
       author = {{Walk}, Laurie and {Tamborra}, Irene and {Janka}, Hans-Thomas and {Summa}, Alexander and {Kresse}, Daniel},
        title = "{Neutrino emission characteristics of black hole formation in three-dimensional simulations of stellar collapse}",
      journal = {\prd},
     keywords = {Astrophysics - High Energy Astrophysical Phenomena, High Energy Physics - Phenomenology},
         year = 2020,
        month = jun,
       volume = {101},
       number = {12},
          eid = {123013},
        pages = {123013},
          doi = {10.1103/PhysRevD.101.123013},
archivePrefix = {arXiv},
       eprint = {1910.12971},
 primaryClass = {astro-ph.HE},
       adsurl = {https://ui.adsabs.harvard.edu/abs/2020PhRvD.101l3013W},
      adsnote = {Provided by the SAO/NASA Astrophysics Data System}
}
@ARTICLE{nbv2021,
       author = {{Nagakura}, Hiroki and {Burrows}, Adam and {Vartanyan}, David},
        title = "{Supernova neutrino signals based on long-term axisymmetric simulations}",
      journal = {\mnras},
     keywords = {neutrinos, supernovae: general, Astrophysics - High Energy Astrophysical Phenomena, High Energy Physics - Experiment, High Energy Physics - Theory, Nuclear Experiment, Nuclear Theory},
         year = 2021,
        month = sep,
       volume = {506},
       number = {1},
        pages = {1462-1479},
          doi = {10.1093/mnras/stab1785},
archivePrefix = {arXiv},
       eprint = {2102.11283},
 primaryClass = {astro-ph.HE},
       adsurl = {https://ui.adsabs.harvard.edu/abs/2021MNRAS.506.1462N},
      adsnote = {Provided by the SAO/NASA Astrophysics Data System}
}
@ARTICLE{kat2020,
       author = {{Kuroda}, Takami and {Arcones}, Almudena and {Takiwaki}, Tomoya and
         {Kotake}, Kei},
        title = "{Magnetorotational Explosion of a Massive Star Supported by Neutrino Heating in General Relativistic Three-dimensional Simulations}",
      journal = {\apj},
     keywords = {1666, 2009, 304, 1966, 1664, Astrophysics - High Energy Astrophysical Phenomena},
         year = 2020,
        month = jun,
       volume = {896},
       number = {2},
          eid = {102},
        pages = {102},
          doi = {10.3847/1538-4357/ab9308},
archivePrefix = {arXiv},
       eprint = {2003.02004},
 primaryClass = {astro-ph.HE},
       adsurl = {https://ui.adsabs.harvard.edu/abs/2020ApJ...896..102K},
      adsnote = {Provided by the SAO/NASA Astrophysics Data System}
}

@ARTICLE{pm2020,
       author = {{Powell}, Jade and {M{\"u}ller}, Bernhard},
        title = "{Three-dimensional core-collapse supernova simulations of massive and rotating progenitors}",
      journal = {\mnras},
     keywords = {gravitational waves, hydrodynamics, Astrophysics - High Energy Astrophysical Phenomena},
         year = 2020,
        month = apr,
       volume = {494},
       number = {4},
        pages = {4665-4675},
          doi = {10.1093/mnras/staa1048},
archivePrefix = {arXiv},
       eprint = {2002.10115},
 primaryClass = {astro-ph.HE},
       adsurl = {https://ui.adsabs.harvard.edu/abs/2020MNRAS.494.4665P},
      adsnote = {Provided by the SAO/NASA Astrophysics Data System}
}

@ARTICLE{brv2020,
       author = {{Burrows}, Adam and {Radice}, David and {Vartanyan}, David and {Nagakura}, Hiroki and {Skinner}, M. Aaron and {Dolence}, Joshua C.},
        title = "{The overarching framework of core-collapse supernova explosions as revealed by 3D FORNAX simulations}",
      journal = {\mnras},
     keywords = {supernovae: general, Astrophysics - High Energy Astrophysical Phenomena, Astrophysics - Solar and Stellar Astrophysics},
         year = 2020,
        month = jan,
       volume = {491},
       number = {2},
        pages = {2715-2735},
          doi = {10.1093/mnras/stz3223},
archivePrefix = {arXiv},
       eprint = {1909.04152},
 primaryClass = {astro-ph.HE},
       adsurl = {https://ui.adsabs.harvard.edu/abs/2020MNRAS.491.2715B},
      adsnote = {Provided by the SAO/NASA Astrophysics Data System}
}
@ARTICLE{lbh2015,
       author = {{Lentz}, Eric J. and {Bruenn}, Stephen W. and {Hix}, W. Raphael and
         {Mezzacappa}, Anthony and {Messer}, O.~E. Bronson and {Endeve}, Eirik and
         {Blondin}, John M. and {Harris}, J. Austin and {Marronetti}, Pedro and
         {Yakunin}, Konstantin N.},
        title = "{Three-dimensional Core-collapse Supernova Simulated Using a 15 M $_{\odot}$ Progenitor}",
      journal = {\apjl},
     keywords = {neutrinos, stars: evolution, stars: massive, supernovae: general, Astrophysics - Solar and Stellar Astrophysics},
         year = 2015,
        month = jul,
       volume = {807},
       number = {2},
          eid = {L31},
        pages = {L31},
          doi = {10.1088/2041-8205/807/2/L31},
archivePrefix = {arXiv},
       eprint = {1505.05110},
 primaryClass = {astro-ph.SR},
       adsurl = {https://ui.adsabs.harvard.edu/abs/2015ApJ...807L..31L},
      adsnote = {Provided by the SAO/NASA Astrophysics Data System}
}

@ARTICLE{t1948,
       author = {{Taub}, A.~H.},
        title = "{Relativistic Rankine-Hugoniot Equations}",
      journal = {Physical Review},
         year = 1948,
        month = aug,
       volume = {74},
       number = {3},
        pages = {328-334},
          doi = {10.1103/PhysRev.74.328},
       adsurl = {https://ui.adsabs.harvard.edu/abs/1948PhRv...74..328T},
      adsnote = {Provided by the SAO/NASA Astrophysics Data System}
}

@INPROCEEDINGS{kkt2017,
       author = {{Kuroda}, Takami and {Kotake}, Kei and {Takiwaki}, Tomoya},
        title = "{Quasi-Periodic Gravitational-Wave Emission due to the SASI Motion}",
    booktitle = {14th International Symposium on Nuclei in the Cosmos (NIC2016)},
         year = 2017,
       editor = {{Kubono}, Shigeru and {Kajino}, Toshitaka and {Nishimura}, Shunji and
         {Isobe}, TadaAki and {Nagataki}, Shigehiro and {Shima}, Tatsushi and
         {Takeda}, Yoichi},
        month = jan,
          eid = {010611},
        pages = {010611},
          doi = {10.7566/JPSCP.14.010611},
       adsurl = {https://ui.adsabs.harvard.edu/abs/2017nuco.confa0611K},
      adsnote = {Provided by the SAO/NASA Astrophysics Data System}
}

@ARTICLE{iko2008,
       author = {{Iwakami}, Wakana and {Kotake}, Kei and {Ohnishi}, Naofumi and
         {Yamada}, Shoichi and {Sawada}, Keisuke},
        title = "{Three-Dimensional Simulations of Standing Accretion Shock Instability in Core-Collapse Supernovae}",
      journal = {\apj},
     keywords = {hydrodynamics, instabilities, neutrinos, supernovae: general, Astrophysics},
         year = 2008,
        month = may,
       volume = {678},
       number = {2},
        pages = {1207-1222},
          doi = {10.1086/533582},
archivePrefix = {arXiv},
       eprint = {0710.2191},
 primaryClass = {astro-ph},
       adsurl = {https://ui.adsabs.harvard.edu/abs/2008ApJ...678.1207I},
      adsnote = {Provided by the SAO/NASA Astrophysics Data System}
}

@ARTICLE{bm2007,
       author = {{Blondin}, John M. and {Mezzacappa}, Anthony},
        title = "{Pulsar spins from an instability in the accretion shock of supernovae}",
      journal = {\nat},
     keywords = {Astrophysics},
         year = 2007,
        month = jan,
       volume = {445},
       number = {7123},
        pages = {58-60},
          doi = {10.1038/nature05428},
archivePrefix = {arXiv},
       eprint = {astro-ph/0611680},
 primaryClass = {astro-ph},
       adsurl = {https://ui.adsabs.harvard.edu/abs/2007Natur.445...58B},
      adsnote = {Provided by the SAO/NASA Astrophysics Data System}
}
@ARTICLE{gf2012,
       author = {{Guilet}, J{\'e}r{\^o}me and {Foglizzo}, Thierry},
        title = "{On the linear growth mechanism driving the standing accretion shock instability}",
      journal = {\mnras},
     keywords = {instabilities, shock waves, waves, methods: analytical, supernovae: general, Astrophysics - High Energy Astrophysical Phenomena, Astrophysics - Solar and Stellar Astrophysics},
         year = 2012,
        month = mar,
       volume = {421},
       number = {1},
        pages = {546-560},
          doi = {10.1111/j.1365-2966.2012.20333.x},
archivePrefix = {arXiv},
       eprint = {1112.1427},
 primaryClass = {astro-ph.HE},
       adsurl = {https://ui.adsabs.harvard.edu/abs/2012MNRAS.421..546G},
      adsnote = {Provided by the SAO/NASA Astrophysics Data System}
}
@ARTICLE{gsf2010,
       author = {{Guilet}, J{\'e}r{\^o}me and {Sato}, Jun'ichi and {Foglizzo}, Thierry},
        title = "{The Saturation of SASI by Parasitic Instabilities}",
      journal = {\apj},
     keywords = {hydrodynamics, instabilities, shock waves, supernovae: general, Astrophysics - Solar and Stellar Astrophysics, Astrophysics - High Energy Astrophysical Phenomena},
         year = 2010,
        month = apr,
       volume = {713},
       number = {2},
        pages = {1350-1362},
          doi = {10.1088/0004-637X/713/2/1350},
archivePrefix = {arXiv},
       eprint = {0910.3953},
 primaryClass = {astro-ph.SR},
       adsurl = {https://ui.adsabs.harvard.edu/abs/2010ApJ...713.1350G},
      adsnote = {Provided by the SAO/NASA Astrophysics Data System}
}
@ARTICLE{ft2009,
       author = {{Fern{\'a}ndez}, Rodrigo and {Thompson}, Christopher},
        title = "{Stability of a Spherical Accretion Shock with Nuclear Dissociation}",
      journal = {\apj},
     keywords = {hydrodynamics, instabilities, nuclear reactions, nucleosynthesis, abundances, shock waves, supernovae: general, Astrophysics},
         year = 2009,
        month = jun,
       volume = {697},
       number = {2},
        pages = {1827-1841},
          doi = {10.1088/0004-637X/697/2/1827},
archivePrefix = {arXiv},
       eprint = {0811.2795},
 primaryClass = {astro-ph},
       adsurl = {https://ui.adsabs.harvard.edu/abs/2009ApJ...697.1827F},
      adsnote = {Provided by the SAO/NASA Astrophysics Data System}
}
@ARTICLE{yf2008,
       author = {{Yamasaki}, Tatsuya and {Foglizzo}, Thierry},
        title = "{Effect of Rotation on the Stability of a Stalled Cylindrical Shock and Its Consequences for Core-Collapse Supernovae}",
      journal = {\apj},
     keywords = {hydrodynamics, instabilities, shock waves, supernovae: general, Astrophysics},
         year = 2008,
        month = may,
       volume = {679},
       number = {1},
        pages = {607-615},
          doi = {10.1086/587732},
archivePrefix = {arXiv},
       eprint = {0710.3041},
 primaryClass = {astro-ph},
       adsurl = {https://ui.adsabs.harvard.edu/abs/2008ApJ...679..607Y},
      adsnote = {Provided by the SAO/NASA Astrophysics Data System}
}
@ARTICLE{yy2007,
       author = {{Yamasaki}, Tatsuya and {Yamada}, Shoichi},
        title = "{Stability of Accretion Flows with Stalled Shocks in Core-Collapse Supernovae}",
      journal = {\apj},
     keywords = {Hydrodynamics, Instabilities, Shock Waves, Stars: Supernovae: General, Astrophysics},
         year = 2007,
        month = feb,
       volume = {656},
       number = {2},
        pages = {1019-1037},
          doi = {10.1086/510505},
archivePrefix = {arXiv},
       eprint = {astro-ph/0606581},
 primaryClass = {astro-ph},
       adsurl = {https://ui.adsabs.harvard.edu/abs/2007ApJ...656.1019Y},
      adsnote = {Provided by the SAO/NASA Astrophysics Data System}
}
@ARTICLE{bs2007,
       author = {{Blondin}, John M. and {Shaw}, Samantha},
        title = "{Linear Growth of Spiral SASI Modes in Core-Collapse Supernovae}",
      journal = {\apj},
     keywords = {Accretion, Accretion Disks, Hydrodynamics, Stars: Pulsars: General, Shock Waves, Stars: Supernovae: General, Astrophysics},
         year = 2007,
        month = feb,
       volume = {656},
       number = {1},
        pages = {366-371},
          doi = {10.1086/510614},
archivePrefix = {arXiv},
       eprint = {astro-ph/0611698},
 primaryClass = {astro-ph},
       adsurl = {https://ui.adsabs.harvard.edu/abs/2007ApJ...656..366B},
      adsnote = {Provided by the SAO/NASA Astrophysics Data System}
}

@ARTICLE{oky2006,
       author = {{Ohnishi}, Naofumi and {Kotake}, Kei and {Yamada}, Shoichi},
        title = "{Numerical Analysis of Standing Accretion Shock Instability with Neutrino Heating in Supernova Cores}",
      journal = {\apj},
     keywords = {Hydrodynamics, Instabilities, Neutrinos, Stars: Supernovae: General, Astrophysics},
         year = 2006,
        month = apr,
       volume = {641},
       number = {2},
        pages = {1018-1028},
          doi = {10.1086/500554},
archivePrefix = {arXiv},
       eprint = {astro-ph/0509765},
 primaryClass = {astro-ph},
       adsurl = {https://ui.adsabs.harvard.edu/abs/2006ApJ...641.1018O},
      adsnote = {Provided by the SAO/NASA Astrophysics Data System}
}

@ARTICLE{ohk2017,
       author = {{Oertel}, M. and {Hempel}, M. and {Kl{\"a}hn}, T. and {Typel}, S.},
        title = "{Equations of state for supernovae and compact stars}",
      journal = {Reviews of Modern Physics},
     keywords = {Astrophysics - High Energy Astrophysical Phenomena, Astrophysics - Solar and Stellar Astrophysics, Nuclear Theory},
         year = 2017,
        month = jan,
       volume = {89},
       number = {1},
          eid = {015007},
        pages = {015007},
          doi = {10.1103/RevModPhys.89.015007},
archivePrefix = {arXiv},
       eprint = {1610.03361},
 primaryClass = {astro-ph.HE},
       adsurl = {https://ui.adsabs.harvard.edu/abs/2017RvMP...89a5007O},
      adsnote = {Provided by the SAO/NASA Astrophysics Data System}
}

@ARTICLE{wmm1996,
       author = {{Wilson}, J.~R. and {Mathews}, G.~J. and {Marronetti}, P.},
        title = "{Relativistic numerical model for close neutron-star binaries}",
      journal = {\prd},
     keywords = {98.80.Fk, 04.25.Dm, 04.30.Db, 04.40.Dg, Numerical relativity, Wave generation and sources, Relativistic stars: structure stability and oscillations, General Relativity and Quantum Cosmology},
         year = 1996,
        month = jul,
       volume = {54},
       number = {2},
        pages = {1317-1331},
          doi = {10.1103/PhysRevD.54.1317},
archivePrefix = {arXiv},
       eprint = {gr-qc/9601017},
 primaryClass = {gr-qc},
       adsurl = {https://ui.adsabs.harvard.edu/abs/1996PhRvD..54.1317W},
      adsnote = {Provided by the SAO/NASA Astrophysics Data System}
}

@BOOK{bs2010,
       author = {{Baumgarte}, Thomas W. and {Shapiro}, Stuart L.},
        title = "{Numerical Relativity: Solving Einstein's Equations on the Computer}",
         year = 2010,
       adsurl = {https://ui.adsabs.harvard.edu/abs/2010nure.book.....B},
      adsnote = {Provided by the SAO/NASA Astrophysics Data System},
      publisher = "Cambridge University Press"
}

@ARTICLE{bfi1997,
       author = {{Banyuls}, Francesc and {Font}, Jos{\'e} A. and
         {Ib{\'a}{\~n}ez}, Jos{\'e} M. and {Mart{\'\i}}, Jos{\'e} M. and
         {Miralles}, Juan A.},
        title = "{Numerical \{3 + 1\} General Relativistic Hydrodynamics: A Local Characteristic Approach}",
      journal = {\apj},
     keywords = {Hydrodynamics, Methods: Numerical, Relativity, Shock Waves},
         year = 1997,
        month = feb,
       volume = {476},
       number = {1},
        pages = {221-231},
          doi = {10.1086/303604},
       adsurl = {https://ui.adsabs.harvard.edu/abs/1997ApJ...476..221B},
      adsnote = {Provided by the SAO/NASA Astrophysics Data System}
}

@BOOK{rz2013,
       author = {{Rezzolla}, Luciano and {Zanotti}, Olindo},
        title = "{Relativistic Hydrodynamics}",
         year = 2013,
       adsurl = {https://ui.adsabs.harvard.edu/abs/2013rehy.book.....R},
      adsnote = {Provided by the SAO/NASA Astrophysics Data System},
      publisher = "Oxford University Press"
}

@INPROCEEDINGS{f2008,
       author = {{Foglizzo}, T.},
        title = "{The Advective-Acoustic Instability in Numerical Simulations of Astrophysical Flows}",
    booktitle = {Numerical Modeling of Space Plasma Flows},
         year = 2008,
       editor = {{Pogorelov}, N.~V. and {Audit}, E. and {Zank}, G.~P.},
       series = {Astronomical Society of the Pacific Conference Series},
       volume = {385},
        month = apr,
        pages = {85},
       adsurl = {https://ui.adsabs.harvard.edu/abs/2008ASPC..385...85F},
      adsnote = {Provided by the SAO/NASA Astrophysics Data System}
}

@ARTICLE{fgs2007,
       author = {{Foglizzo}, T. and {Galletti}, P. and {Scheck}, L. and {Janka}, H. -Th.},
        title = "{Instability of a Stalled Accretion Shock: Evidence for the Advective-Acoustic Cycle}",
      journal = {\apj},
     keywords = {Accretion, Accretion Disks, Hydrodynamics, Instabilities, Shock Waves, Stars: Supernovae: General, Astrophysics},
         year = 2007,
        month = jan,
       volume = {654},
       number = {2},
        pages = {1006-1021},
          doi = {10.1086/509612},
archivePrefix = {arXiv},
       eprint = {astro-ph/0606640},
 primaryClass = {astro-ph},
       adsurl = {https://ui.adsabs.harvard.edu/abs/2007ApJ...654.1006F},
      adsnote = {Provided by the SAO/NASA Astrophysics Data System}
}
@article{cs2001,
title = "Runge-Kutta Discontinuous Galerkin methods for convection-dominated problems",
abstract = "In this paper, we review the development of the Runge-Kutta discontinuous Galerkin (RBLDG) methods for non-linear convection-dominated problems. These robust and accurate methods have made their way into the main stream of computational fluid dynamics and are quickly finding use in a wide variety of applications. They combine a special class of Runge-Kutta time discretizations, that allows the method to be non-linearly stable regardless of its accuracy, with a finite element space discretization by discontinuous approximations, that incorporates the ideas of numerical fluxes and slope limiters coined during the remarkable development of the high-resolution finite difference and finite volume schemes. The resulting RBLDG methods are stable, high-order accurate, and highly parallelizable schemes that can easily handle complicated geometries and boundary conditions. We review the theoretical and algorithmic aspects of these methods and show several applications including nonlinear conservation laws, the compressible and incompressible Navier-Stokes equations, and Hamilton-Jacobi-like equations.",
keywords = "Convection-diffusion equations, Discontinuous Galerkin methods, Non-linear conservation laws",
author = "Bernardo Cockburn and Shu, {Chi Wang}",
note = "Funding Information: B.C. was supported in part by NSF Grant D MS-9807491 and by the University of Minnesota Supercomputing Institute. C.-W.S. was supported in part by ARO Grant DAAD19-00-1-0405, NSF Grants DMS-9804985 and ECS-9906606, NASA Langley Grant NCC1-01035 and Contract NAS1-97046 while this author was in residence at ICASE, NASA Langley Research Center, Hampton, VA 23681-2199, and AFOSR Grant F49620-99-1-0077.",
year = "2001",
language = "English (US)",
volume = "16",
pages = "173--261",
journal = "Journal of Scientific Computing",
issn = "0885-7474",
publisher = "Springer New York",
number = "3",
}
@ARTICLE{qsy2016,
       author = {{Qin}, Tong and {Shu}, Chi-Wang and {Yang}, Yang},
        title = "{Bound-preserving discontinuous Galerkin methods for relativistic hydrodynamics}",
      journal = {Journal of Computational Physics},
     keywords = {Bound-preserving, Discontinuous Galerkin method, Relativistic hydrodynamics, L$^{1}$-stability},
         year = 2016,
        month = jun,
       volume = {315},
        pages = {323-347},
          doi = {10.1016/j.jcp.2016.02.079},
       adsurl = {https://ui.adsabs.harvard.edu/abs/2016JCoPh.315..323Q},
      adsnote = {Provided by the SAO/NASA Astrophysics Data System}
}
@ARTICLE{zs2010,
       author = {{Zhang}, Xiangxiong and {Shu}, Chi-Wang},
        title = "{On positivity-preserving high order discontinuous Galerkin schemes for compressible Euler equations on rectangular meshes}",
      journal = {Journal of Computational Physics},
         year = 2010,
        month = nov,
       volume = {229},
       number = {23},
        pages = {8918-8934},
          doi = {10.1016/j.jcp.2010.08.016},
       adsurl = {https://ui.adsabs.harvard.edu/abs/2010JCoPh.229.8918Z},
      adsnote = {Provided by the SAO/NASA Astrophysics Data System}
}
@InProceedings{m1978,
author="Mor{\'e}, Jorge J.",
editor="Watson, G. A.",
title="The Levenberg-Marquardt algorithm: Implementation and theory",
booktitle="Numerical Analysis",
year="1978",
publisher="Springer Berlin Heidelberg",
address="Berlin, Heidelberg",
pages="105--116",
isbn="978-3-540-35972-2"
}
@ARTICLE{s1987,
       author = {{Shu}, Chi-Wang},
        title = "{TVB Uniformly High-Order Schemes for Conservation Laws}",
      journal = {Mathematics of Computation},
         year = 1987,
        month = jul,
       volume = {49},
       number = {179},
        pages = {105-121},
          doi = {10.1090/S0025-5718-1987-0890256-5}
}
@article{hll1983,
 ISSN = {00361445},
 URL = {http://www.jstor.org/stable/2030019},
 abstract = {This paper reviews some of the recent developments in upstream difference schemes through a unified representation, in order to enable comparison between the various schemes. Special attention is given to the Godunov-type schemes that result from using an approximate solution of the Riemann problem. For schemes based on flux splitting, the approximate Riemann solution can be interpreted as a solution of the collisionless Boltzmann equation.},
 author = {Amiram Harten and Peter D. Lax and Bram Van Leer},
 journal = {SIAM Review},
 number = {1},
 pages = {35--61},
 publisher = {Society for Industrial and Applied Mathematics},
 title = {On Upstream Differencing and Godunov-Type Schemes for Hyperbolic Conservation Laws},
 urldate = {2022-12-02},
 volume = {25},
 year = {1983}
}
@ARTICLE{fsj2006,
       author = {{Foglizzo}, T. and {Scheck}, L. and {Janka}, H. -Th.},
        title = "{Neutrino-driven Convection versus Advection in Core-Collapse Supernovae}",
      journal = {\apj},
     keywords = {Accretion, Accretion Disks, Hydrodynamics, Instabilities, Shock Waves, Stars: Supernovae: General, Astrophysics},
         year = 2006,
        month = dec,
       volume = {652},
       number = {2},
        pages = {1436-1450},
          doi = {10.1086/508443},
archivePrefix = {arXiv},
       eprint = {astro-ph/0507636},
 primaryClass = {astro-ph},
       adsurl = {https://ui.adsabs.harvard.edu/abs/2006ApJ...652.1436F},
      adsnote = {Provided by the SAO/NASA Astrophysics Data System}
}

@ARTICLE{bm2006,
       author = {{Blondin}, John M. and {Mezzacappa}, Anthony},
        title = "{The Spherical Accretion Shock Instability in the Linear Regime}",
      journal = {\apj},
     keywords = {Accretion, Accretion Disks, Hydrodynamics, Shock Waves, Stars: Supernovae: General, Turbulence, Astrophysics},
         year = 2006,
        month = may,
       volume = {642},
       number = {1},
        pages = {401-409},
          doi = {10.1086/500817},
archivePrefix = {arXiv},
       eprint = {astro-ph/0507181},
 primaryClass = {astro-ph},
       adsurl = {https://ui.adsabs.harvard.edu/abs/2006ApJ...642..401B},
      adsnote = {Provided by the SAO/NASA Astrophysics Data System}
}

@ARTICLE{bmd2003,
       author = {{Blondin}, John M. and {Mezzacappa}, Anthony and {DeMarino}, Christine},
        title = "{Stability of Standing Accretion Shocks, with an Eye toward Core-Collapse Supernovae}",
      journal = {\apj},
     keywords = {Accretion, Accretion Disks, Hydrodynamics, Shock Waves, Stars: Supernovae: General, Turbulence, Astrophysics},
         year = 2003,
        month = feb,
       volume = {584},
       number = {2},
        pages = {971-980},
          doi = {10.1086/345812},
archivePrefix = {arXiv},
       eprint = {astro-ph/0210634},
 primaryClass = {astro-ph},
       adsurl = {https://ui.adsabs.harvard.edu/abs/2003ApJ...584..971B},
      adsnote = {Provided by the SAO/NASA Astrophysics Data System}
}
@ARTICLE{rco2015,
       author = {{Radice}, David and {Couch}, Sean M. and {Ott}, Christian D.},
        title = "{Implicit large eddy simulations of anisotropic weakly compressible turbulence with application to core-collapse supernovae}",
      journal = {Computational Astrophysics and Cosmology},
     keywords = {turbulence, methods: numerical, supernovae, Astrophysics - High Energy Astrophysical Phenomena, Physics - Fluid Dynamics},
         year = 2015,
        month = aug,
       volume = {2},
          eid = {7},
        pages = {7},
          doi = {10.1186/s40668-015-0011-0},
archivePrefix = {arXiv},
       eprint = {1501.03169},
 primaryClass = {astro-ph.HE},
       adsurl = {https://ui.adsabs.harvard.edu/abs/2015ComAC...2....7R},
      adsnote = {Provided by the SAO/NASA Astrophysics Data System}
}

@ARTICLE{aor2015,
       author = {{Abdikamalov}, Ernazar and {Ott}, Christian D. and {Radice}, David and
         {Roberts}, Luke F. and {Haas}, Roland and {Reisswig}, Christian and
         {M{\"o}sta}, Philipp and {Klion}, Hannah and {Schnetter}, Erik},
        title = "{Neutrino-driven Turbulent Convection and Standing Accretion Shock Instability in Three-dimensional Core-collapse Supernovae}",
      journal = {\apj},
     keywords = {hydrodynamics, neutrinos, supernovae: general, Astrophysics - High Energy Astrophysical Phenomena, Astrophysics - Solar and Stellar Astrophysics},
         year = 2015,
        month = jul,
       volume = {808},
       number = {1},
          eid = {70},
        pages = {70},
          doi = {10.1088/0004-637X/808/1/70},
archivePrefix = {arXiv},
       eprint = {1409.7078},
 primaryClass = {astro-ph.HE},
       adsurl = {https://ui.adsabs.harvard.edu/abs/2015ApJ...808...70A},
      adsnote = {Provided by the SAO/NASA Astrophysics Data System}
}

@ARTICLE{co2015,
       author = {{Couch}, Sean M. and {Ott}, Christian D.},
        title = "{The Role of Turbulence in Neutrino-driven Core-collapse Supernova Explosions}",
      journal = {\apj},
     keywords = {hydrodynamics, neutrinos, supernovae: general, Astrophysics - High Energy Astrophysical Phenomena},
         year = 2015,
        month = jan,
       volume = {799},
       number = {1},
          eid = {5},
        pages = {5},
          doi = {10.1088/0004-637X/799/1/5},
archivePrefix = {arXiv},
       eprint = {1408.1399},
 primaryClass = {astro-ph.HE},
       adsurl = {https://ui.adsabs.harvard.edu/abs/2015ApJ...799....5C},
      adsnote = {Provided by the SAO/NASA Astrophysics Data System}
}

@ARTICLE{mdb2013,
       author = {{Murphy}, Jeremiah W. and {Dolence}, Joshua C. and {Burrows}, Adam},
        title = "{The Dominance of Neutrino-driven Convection in Core-collapse Supernovae}",
      journal = {\apj},
     keywords = {convection, hydrodynamics, instabilities, methods: analytical, methods: numerical, shock waves, supernovae: general, turbulence, Astrophysics - Solar and Stellar Astrophysics},
         year = 2013,
        month = jul,
       volume = {771},
       number = {1},
          eid = {52},
        pages = {52},
          doi = {10.1088/0004-637X/771/1/52},
archivePrefix = {arXiv},
       eprint = {1205.3491},
 primaryClass = {astro-ph.SR},
       adsurl = {https://ui.adsabs.harvard.edu/abs/2013ApJ...771...52M},
      adsnote = {Provided by the SAO/NASA Astrophysics Data System}
}

@ARTICLE{bw1985,
       author = {{Bethe}, H.~A. and {Wilson}, J.~R.},
        title = "{Revival of a stalled supernova shock by neutrino heating}",
      journal = {\apj},
     keywords = {Heating, Neutrinos, Shock Waves, Supernovae, Thermalization (Energy Absorption), Computational Astrophysics, Explosions, Neutron Stars, Particle Collisions, Astrophysics},
         year = 1985,
        month = aug,
       volume = {295},
        pages = {14-23},
          doi = {10.1086/163343},
       adsurl = {https://ui.adsabs.harvard.edu/abs/1985ApJ...295...14B},
      adsnote = {Provided by the SAO/NASA Astrophysics Data System}
}

@ARTICLE{cw1966,
       author = {{Colgate}, Stirling A. and {White}, Richard H.},
        title = "{The Hydrodynamic Behavior of Supernovae Explosions}",
      journal = {\apj},
         year = 1966,
        month = mar,
       volume = {143},
        pages = {626},
          doi = {10.1086/148549},
       adsurl = {https://ui.adsabs.harvard.edu/abs/1966ApJ...143..626C},
      adsnote = {Provided by the SAO/NASA Astrophysics Data System}
}

@ARTICLE{cj1960,
       author = {{Colgate}, Stirling A. and {Johnson}, Montgomery H.},
        title = "{Hydrodynamic Origin of Cosmic Rays}",
      journal = {\prl},
         year = 1960,
        month = sep,
       volume = {5},
       number = {6},
        pages = {235-238},
          doi = {10.1103/PhysRevLett.5.235},
       adsurl = {https://ui.adsabs.harvard.edu/abs/1960PhRvL...5..235C},
      adsnote = {Provided by the SAO/NASA Astrophysics Data System}
}

@ARTICLE{hbv1992,
       author = {{Herant}, Marc and {Benz}, Willy and {Colgate}, Stirling},
        title = "{Postcollapse Hydrodynamics of SN 1987A: Two-dimensional Simulations of the Early Evolution}",
      journal = {\apj},
     keywords = {Gravitational Collapse, Hydrodynamic Equations, Neutrinos, Neutron Stars, Stellar Evolution, Supernova 1987a, Baryons, Iron, Line Spectra, Stellar Mass Accretion, Astrophysics},
         year = 1992,
        month = aug,
       volume = {395},
        pages = {642},
          doi = {10.1086/171685},
       adsurl = {https://ui.adsabs.harvard.edu/abs/1992ApJ...395..642H},
      adsnote = {Provided by the SAO/NASA Astrophysics Data System}
}

% Software

@misc{amrex,
  author       = {the AMReX Development Team and
                  Almgren, Ann and
                  Beckner, Vince and
                  Blaschke, Johannes and
                  Chan, Cy and
                  Day, Marcus and
                  Friesen, Brian and
                  Gott, Kevin and
                  Graves, Daniel and
                  Huebl, Axel and
                  Katz, Maximilian and
                  Myers, Andrew and
                  Nguyen, Tan and
                  Nonaka, Andrew and
                  Rosso, Michele and
                  Williams, Sam and
                  Zhang, Weiqun and
                  Zingale, Michael},
  title        = {AMReX-Codes/amrex: AMReX 21.09},
  month        = sep,
  year         = 2021,
  publisher    = {Zenodo},
  version      = {21.09},
  doi          = {10.5281/zenodo.5363443},
  url          = {https://doi.org/10.5281/zenodo.5363443}
}
@ARTICLE{z2019,
      author = {Weiqun Zhang and Ann Almgren and Vince Beckner
             and John Bell and Johannes Blaschke and Cy Chan
             and Marcus Day and Brian Friesen and Kevin Gott
             and Daniel Graves and Max P. Katz and Andrew Myers
             and Tan Nguyen and Andrew Nonaka and Michele Rosso
             and Samuel Williams and Michael Zingale},
	title = "{AMReX: A Framework for Block-Structured Adaptive Mesh Refinement}",
      journal = {Journal of Open Source Software},
	 year = 2019,
       volume = 4,
       number = 37,
	pages = {1370},
	  doi = {10.21105/joss.01370},
     keywords = {methods:numerical, adaptive mesh refinement}
}
@ARTICLE{h2007,
       author = {{Hunter}, John D.},
        title = "{Matplotlib: A 2D Graphics Environment}",
      journal = {Computing in Science and Engineering},
     keywords = {Python, Scripting languages, Application development, Scientific programming},
         year = "2007",
        month = "May",
       volume = {9},
       number = {3},
        pages = {90-95},
          doi = {10.1109/MCSE.2007.55},
       adsurl = {https://ui.adsabs.harvard.edu/abs/2007CSE.....9...90H},
      adsnote = {Provided by the SAO/NASA Astrophysics Data System}
}
@Article{hmv2020,
 title         = {Array programming with {NumPy}},
 author        = {Charles R. Harris and K. Jarrod Millman and St{\'{e}}fan J.
                 van der Walt and Ralf Gommers and Pauli Virtanen and David
                 Cournapeau and Eric Wieser and Julian Taylor and Sebastian
                 Berg and Nathaniel J. Smith and Robert Kern and Matti Picus
                 and Stephan Hoyer and Marten H. van Kerkwijk and Matthew
                 Brett and Allan Haldane and Jaime Fern{\'{a}}ndez del
                 R{\'{i}}o and Mark Wiebe and Pearu Peterson and Pierre
                 G{\'{e}}rard-Marchant and Kevin Sheppard and Tyler Reddy and
                 Warren Weckesser and Hameer Abbasi and Christoph Gohlke and
                 Travis E. Oliphant},
 year          = {2020},
 month         = sep,
 journal       = {Nature},
 volume        = {585},
 number        = {7825},
 pages         = {357--362},
 doi           = {10.1038/s41586-020-2649-2},
 publisher     = {Springer Science and Business Media {LLC}},
 url           = {https://doi.org/10.1038/s41586-020-2649-2}
}
@ARTICLE{vgo2020,
  author  = {Virtanen, Pauli and Gommers, Ralf and Oliphant, Travis E. and
            Haberland, Matt and Reddy, Tyler and Cournapeau, David and
            Burovski, Evgeni and Peterson, Pearu and Weckesser, Warren and
            Bright, Jonathan and {van der Walt}, St{\'e}fan J. and
            Brett, Matthew and Wilson, Joshua and Millman, K. Jarrod and
            Mayorov, Nikolay and Nelson, Andrew R. J. and Jones, Eric and
            Kern, Robert and Larson, Eric and Carey, C J and
            Polat, {\.I}lhan and Feng, Yu and Moore, Eric W. and
            {VanderPlas}, Jake and Laxalde, Denis and Perktold, Josef and
            Cimrman, Robert and Henriksen, Ian and Quintero, E. A. and
            Harris, Charles R. and Archibald, Anne M. and
            Ribeiro, Ant{\^o}nio H. and Pedregosa, Fabian and
            {van Mulbregt}, Paul and {SciPy 1.0 Contributors}},
  title   = {{{SciPy} 1.0: Fundamental Algorithms for Scientific
            Computing in Python}},
  journal = {Nature Methods},
  year    = {2020},
  volume  = {17},
  pages   = {261--272},
  adsurl  = {https://rdcu.be/b08Wh},
  doi     = {10.1038/s41592-019-0686-2},
}
@ARTICLE{tso2011,
   author = {{Turk}, M.~J. and {Smith}, B.~D. and {Oishi}, J.~S. and {Skory}, S. and
     {Skillman}, S.~W. and {Abel}, T. and {Norman}, M.~L.},
    title = "{yt: A Multi-code Analysis Toolkit for Astrophysical Simulation Data}",
  journal = {The Astrophysical Journal Supplement Series},
archivePrefix = "arXiv",
   eprint = {1011.3514},
 primaryClass = "astro-ph.IM",
 keywords = {cosmology: theory, methods: data analysis, methods: numerical },
     year = 2011,
    month = jan,
   volume = 192,
      eid = {9},
    pages = {9},
      doi = {10.1088/0067-0049/192/1/9},
   adsurl = {https://ui.adsabs.harvard.edu/abs/2011ApJS..192....9T},
  adsnote = {Provided by the SAO/NASA Astrophysics Data System}
}


@INPROCEEDINGS{rab2019,
       author = {{Reitze}, David and {Adhikari}, Rana X. and {Ballmer}, Stefan and {Barish}, Barry and {Barsotti}, Lisa and {Billingsley}, GariLynn and {Brown}, Duncan A. and {Chen}, Yanbei and {Coyne}, Dennis and {Eisenstein}, Robert and {Evans}, Matthew and {Fritschel}, Peter and {Hall}, Evan D. and {Lazzarini}, Albert and {Lovelace}, Geoffrey and {Read}, Jocelyn and {Sathyaprakash}, B.~S. and {Shoemaker}, David and {Smith}, Joshua and {Torrie}, Calum and {Vitale}, Salvatore and {Weiss}, Rainer and {Wipf}, Christopher and {Zucker}, Michael},
        title = "{Cosmic Explorer: The U.S. Contribution to Gravitational-Wave Astronomy beyond LIGO}",
     keywords = {Astrophysics - Instrumentation and Methods for Astrophysics, General Relativity and Quantum Cosmology},
    booktitle = {Bulletin of the American Astronomical Society},
         year = 2019,
       volume = {51},
        month = sep,
          eid = {35},
        pages = {35},
archivePrefix = {arXiv},
       eprint = {1907.04833},
 primaryClass = {astro-ph.IM},
       adsurl = {https://ui.adsabs.harvard.edu/abs/2019BAAS...51g..35R},
      adsnote = {Provided by the SAO/NASA Astrophysics Data System}
}
@ARTICLE{aaa2020a,
       author = {{Abbott}, B.~P. and {Abbott}, R. and {Abbott}, T.~D. and {Abraham}, S. and {Acernese}, F. and {Ackley}, K. and {Adams}, C. and {Adya}, V.~B. and {Affeldt}, C. and {Agathos}, M. and {Agatsuma}, K. and {Aggarwal}, N. and {Aguiar}, O.~D. and {Aiello}, L. and {Ain}, A. and {Ajith}, P. and {Akutsu}, T. and {Allen}, G. and {Allocca}, A. and {Aloy}, M.~A. and {Altin}, P.~A. and {Amato}, A. and {Ananyeva}, A. and {Anderson}, S.~B. and {Anderson}, W.~G. and {Ando}, M. and {Angelova}, S.~V. and {Antier}, S. and {Appert}, S. and {Arai}, K. and {Arai}, Koya and {Arai}, Y. and {Araki}, S. and {Araya}, A. and {Araya}, M.~C. and {Areeda}, J.~S. and {Ar{\`e}ne}, M. and {Aritomi}, N. and {Arnaud}, N. and {Arun}, K.~G. and {Ascenzi}, S. and {Ashton}, G. and {Aso}, Y. and {Aston}, S.~M. and {Astone}, P. and {Aubin}, F. and {Aufmuth}, P. and {Aultoneal}, K. and {Austin}, C. and {Avendano}, V. and {Avila-Alvarez}, A. and {Babak}, S. and {Bacon}, P. and {Badaracco}, F. and {Bader}, M.~K.~M. and {Bae}, S.~W. and {Bae}, Y.~B. and {Baiotti}, L. and {Bajpai}, R. and {Baker}, P.~T. and {Baldaccini}, F. and {Ballardin}, G. and {Ballmer}, S.~W. and {Banagiri}, S. and {Barayoga}, J.~C. and {Barclay}, S.~E. and {Barish}, B.~C. and {Barker}, D. and {Barkett}, K. and {Barnum}, S. and {Barone}, F. and {Barr}, B. and {Barsotti}, L. and {Barsuglia}, M. and {Barta}, D. and {Bartlett}, J. and {Barton}, M.~A. and {Bartos}, I. and {Bassiri}, R. and {Basti}, A. and {Bawaj}, M. and {Bayley}, J.~C. and {Bazzan}, M. and {B{\'e}csy}, B. and {Bejger}, M. and {Belahcene}, I. and {Bell}, A.~S. and {Beniwal}, D. and {Berger}, B.~K. and {Bergmann}, G. and {Bernuzzi}, S. and {Bero}, J.~J. and {Berry}, C.~P.~L. and {Bersanetti}, D. and {Bertolini}, A. and {Betzwieser}, J. and {Bhandare}, R. and {Bidler}, J. and {Bilenko}, I.~A. and {Bilgili}, S.~A. and {Billingsley}, G. and {Birch}, J. and {Birney}, R. and {Birnholtz}, O. and {Biscans}, S. and {Biscoveanu}, S. and {Bisht}, A. and {Bitossi}, M. and {Bizouard}, M.~A. and {Blackburn}, J.~K. and {Blair}, C.~D. and {Blair}, D.~G. and {Blair}, R.~M. and {Bloemen}, S. and {Bode}, N. and {Boer}, M. and {Boetzel}, Y. and {Bogaert}, G. and {Bondu}, F. and {Bonilla}, E. and {Bonnand}, R. and {Booker}, P. and {Boom}, B.~A. and {Booth}, C.~D. and {Bork}, R. and {Boschi}, V. and {Bose}, S. and {Bossie}, K. and {Bossilkov}, V. and {Bosveld}, J. and {Bouffanais}, Y. and {Bozzi}, A. and {Bradaschia}, C. and {Brady}, P.~R. and {Bramley}, A. and {Branchesi}, M. and {Brau}, J.~E. and {Briant}, T. and {Briggs}, J.~H. and {Brighenti}, F. and {Brillet}, A. and {Brinkmann}, M. and {Brisson}, V. and {Brockill}, P. and {Brooks}, A.~F. and {Brown}, D.~A. and {Brown}, D.~D. and {Brunett}, S. and {Buikema}, A. and {Bulik}, T. and {Bulten}, H.~J. and {Buonanno}, A. and {Buskulic}, D. and {Buy}, C. and {Byer}, R.~L. and {Cabero}, M. and {Cadonati}, L. and {Cagnoli}, G. and {Cahillane}, C. and {Bustillo}, J. Calder{\'o}n and {Callister}, T.~A. and {Calloni}, E. and {Camp}, J.~B. and {Campbell}, W.~A. and {Canepa}, M. and {Cannon}, K. and {Cannon}, K.~C. and {Cao}, H. and {Cao}, J. and {Capocasa}, E. and {Carbognani}, F. and {Caride}, S. and {Carney}, M.~F. and {Carullo}, G. and {Casanueva Diaz}, J. and {Casentini}, C. and {Caudill}, S. and {Cavagli{\`a}}, M. and {Cavalier}, F. and {Cavalieri}, R. and {Cella}, G. and {Cerd{\'a}-Dur{\'a}n}, P. and {Cerretani}, G. and {Cesarini}, E. and {Chaibi}, O. and {Chakravarti}, K. and {Chamberlin}, S.~J. and {Chan}, M. and {Chan}, M.~L. and {Chao}, S. and {Charlton}, P. and {Chase}, E.~A. and {Chassande-Mottin}, E. and {Chatterjee}, D. and {Chaturvedi}, M. and {Chatziioannou}, K. and {Cheeseboro}, B.~D. and {Chen}, C.~S. and {Chen}, H.~Y. and {Chen}, K.~H. and {Chen}, X. and {Chen}, Y. and {Chen}, Y.~R. and {Cheng}, H. -P. and {Cheong}, C.~K. and {Chia}, H.~Y. and {Chincarini}, A. and {Chiummo}, A. and {Cho}, G. and {Cho}, H.~S. and {Cho}, M. and {Christensen}, N. and {Chu}, H.~Y. and {Chu}, Q. and {Chu}, Y.~K. and {Chua}, S. and {Chung}, K.~W. and {Chung}, S. and {Ciani}, G. and {Ciobanu}, A.~A. and {Ciolfi}, R. and {Cipriano}, F. and {Cirone}, A. and {Clara}, F. and {Clark}, J.~A. and {Clearwater}, P. and {Cleva}, F. and {Cocchieri}, C. and {Coccia}, E. and {Cohadon}, P. -F. and {Cohen}, D. and {Colgan}, R. and {Colleoni}, M. and {Collette}, C.~G. and {Collins}, C. and {Cominsky}, L.~R. and {Constancio}, M. and {Conti}, L. and {Cooper}, S.~J. and {Corban}, P. and {Corbitt}, T.~R. and {Cordero-Carri{\'o}n}, I. and {Corley}, K.~R. and {Cornish}, N. and {Corsi}, A. and {Cortese}, S. and {Costa}, C.~A. and {Cotesta}, R. and {Coughlin}, M.~W. and {Coughlin}, S.~B. and {Coulon}, J. -P. and {Countryman}, S.~T. and {Couvares}, P. and {Covas}, P.~B. and {Cowan}, E.~E. and {Coward}, D.~M. and {Cowart}, M.~J. and {Coyne}, D.~C. and {Coyne}, R. and {Creighton}, J.~D.~E. and {Creighton}, T.~D. and {Cripe}, J. and {Croquette}, M. and {Crowder}, S.~G. and {Cullen}, T.~J. and {Cumming}, A. and {Cunningham}, L. and {Cuoco}, E. and {Dal Canton}, T. and {D{\'a}lya}, G. and {Danilishin}, S.~L. and {D'Antonio}, S. and {Danzmann}, K. and {Dasgupta}, A. and {da Silva Costa}, C.~F. and {Datrier}, L.~E.~H. and {Dattilo}, V. and {Dave}, I. and {Davier}, M. and {Davis}, D. and {Daw}, E.~J. and {Debra}, D. and {Deenadayalan}, M. and {Degallaix}, J. and {de Laurentis}, M. and {Del{\'e}glise}, S. and {Pozzo}, W. Del and {Demarchi}, L.~M. and {Demos}, N. and {Dent}, T. and {de Pietri}, R. and {Derby}, J. and {De Rosa}, R. and {de Rossi}, C. and {Desalvo}, R. and {de Varona}, O. and {Dhurandhar}, S. and {D{\'\i}az}, M.~C. and {Dietrich}, T. and {di Fiore}, L. and {di Giovanni}, M. and {di Girolamo}, T. and {di Lieto}, A. and {Ding}, B. and {di Pace}, S. and {di Palma}, I. and {di Renzo}, F. and {Dmitriev}, A. and {Doctor}, Z. and {Doi}, K. and {Donovan}, F. and {Dooley}, K.~L. and {Doravari}, S. and {Dorrington}, I. and {Downes}, T.~P. and {Drago}, M. and {Driggers}, J.~C. and {Du}, Z. and {Ducoin}, J. -G. and {Dupej}, P. and {Dwyer}, S.~E. and {Easter}, P.~J. and {Edo}, T.~B. and {Edwards}, M.~C. and {Effler}, A. and {Eguchi}, S. and {Ehrens}, P. and {Eichholz}, J. and {Eikenberry}, S.~S. and {Eisenmann}, M. and {Eisenstein}, R.~A. and {Enomoto}, Y. and {Essick}, R.~C. and {Estelles}, H. and {Estevez}, D. and {Etienne}, Z.~B. and {Etzel}, T. and {Evans}, M. and {Evans}, T.~M. and {Fafone}, V. and {Fair}, H. and {Fairhurst}, S. and {Fan}, X. and {Farinon}, S. and {Farr}, B. and {Farr}, W.~M. and {Fauchon-Jones}, E.~J. and {Favata}, M. and {Fays}, M. and {Fazio}, M. and {Fee}, C. and {Feicht}, J. and {Fejer}, M.~M. and {Feng}, F. and {Fernandez-Galiana}, A. and {Ferrante}, I. and {Ferreira}, E.~C. and {Ferreira}, T.~A. and {Ferrini}, F. and {Fidecaro}, F. and {Fiori}, I. and {Fiorucci}, D. and {Fishbach}, M. and {Fisher}, R.~P. and {Fishner}, J.~M. and {Fitz-Axen}, M. and {Flaminio}, R. and {Fletcher}, M. and {Flynn}, E. and {Fong}, H. and {Font}, J.~A. and {Forsyth}, P.~W.~F. and {Fournier}, J. -D. and {Frasca}, S. and {Frasconi}, F. and {Frei}, Z. and {Freise}, A. and {Frey}, R. and {Frey}, V. and {Fritschel}, P. and {Frolov}, V.~V. and {Fujii}, Y. and {Fukunaga}, M. and {Fukushima}, M. and {Fulda}, P. and {Fyffe}, M. and {Gabbard}, H.~A. and {Gadre}, B.~U. and {Gaebel}, S.~M. and {Gair}, J.~R. and {Gammaitoni}, L. and {Ganija}, M.~R. and {Gaonkar}, S.~G. and {Garcia}, A. and {Garc{\'\i}a-Quir{\'o}s}, C. and {Garufi}, F. and {Gateley}, B. and {Gaudio}, S. and {Gaur}, G. and {Gayathri}, V. and {Ge}, G.~G. and {Gemme}, G. and {Genin}, E. and {Gennai}, A. and {George}, D. and {George}, J. and {Gergely}, L. and {Germain}, V. and {Ghonge}, S. and {Ghosh}, Abhirup and {Ghosh}, Archisman and {Ghosh}, S. and {Giacomazzo}, B. and {Giaime}, J.~A. and {Giardina}, K.~D. and {Giazotto}, A. and {Gill}, K. and {Giordano}, G. and {Glover}, L. and {Godwin}, P. and {Goetz}, E. and {Goetz}, R. and {Goncharov}, B. and {Gonz{\'a}lez}, G. and {Gonzalez Castro}, J.~M. and {Gopakumar}, A. and {Gorodetsky}, M.~L. and {Gossan}, S.~E. and {Gosselin}, M. and {Gouaty}, R. and {Grado}, A. and {Graef}, C. and {Granata}, M. and {Grant}, A. and {Gras}, S. and {Grassia}, P. and {Gray}, C. and {Gray}, R. and {Greco}, G. and {Green}, A.~C. and {Green}, R. and {Gretarsson}, E.~M. and {Groot}, P. and {Grote}, H. and {Grunewald}, S. and {Gruning}, P. and {Guidi}, G.~M. and {Gulati}, H.~K. and {Guo}, Y. and {Gupta}, A. and {Gupta}, M.~K. and {Gustafson}, E.~K. and {Gustafson}, R. and {Haegel}, L. and {Hagiwara}, A. and {Haino}, S. and {Halim}, O. and {Hall}, B.~R. and {Hall}, E.~D. and {Hamilton}, E.~Z. and {Hammond}, G. and {Haney}, M. and {Hanke}, M.~M. and {Hanks}, J. and {Hanna}, C. and {Hannam}, M.~D. and {Hannuksela}, O.~A. and {Hanson}, J. and {Hardwick}, T. and {Haris}, K. and {Harms}, J. and {Harry}, G.~M. and {Harry}, I.~W. and {Hasegawa}, K. and {Haster}, C. -J. and {Haughian}, K. and {Hayakawa}, H. and {Hayama}, K. and {Hayes}, F.~J. and {Healy}, J. and {Heidmann}, A. and {Heintze}, M.~C. and {Heitmann}, H. and {Hello}, P. and {Hemming}, G. and {Hendry}, M. and {Heng}, I.~S. and {Hennig}, J. and {Heptonstall}, A.~W. and {Heurs}, M. and {Hild}, S. and {Himemoto}, Y. and {Hinderer}, T. and {Hiranuma}, Y. and {Hirata}, N. and {Hirose}, E. and {Hoak}, D. and {Hochheim}, S. and {Hofman}, D. and {Holgado}, A.~M. and {Holland}, N.~A. and {Holt}, K. and {Holz}, D.~E. and {Hong}, Z. and {Hopkins}, P. and {Horst}, C. and {Hough}, J. and {Howell}, E.~J. and {Hoy}, C.~G. and {Hreibi}, A. and {Hsieh}, B.~H. and {Huang}, G.~Z. and {Huang}, P.~W. and {Huang}, Y.~J. and {Huerta}, E.~A. and {Huet}, D. and {Hughey}, B. and {Hulko}, M. and {Husa}, S. and {Huttner}, S.~H. and {Huynh-Dinh}, T. and {Idzkowski}, B. and {Iess}, A. and {Ikenoue}, B. and {Imam}, S. and {Inayoshi}, K. and {Ingram}, C. and {Inoue}, Y. and {Inta}, R. and {Intini}, G. and {Ioka}, K. and {Irwin}, B. and {Isa}, H.~N. and {Isac}, J. -M. and {Isi}, M. and {Itoh}, Y. and {Iyer}, B.~R. and {Izumi}, K. and {Jacqmin}, T. and {Jadhav}, S.~J. and {Jani}, K. and {Janthalur}, N.~N. and {Jaranowski}, P. and {Jenkins}, A.~C. and {Jiang}, J. and {Johnson}, D.~S. and {Jones}, A.~W. and {Jones}, D.~I. and {Jones}, R. and {Jonker}, R.~J.~G. and {Ju}, L. and {Jung}, K. and {Jung}, P. and {Junker}, J. and {Kajita}, T. and {Kalaghatgi}, C.~V. and {Kalogera}, V. and {Kamai}, B. and {Kamiizumi}, M. and {Kanda}, N. and {Kandhasamy}, S. and {Kang}, G.~W. and {Kanner}, J.~B. and {Kapadia}, S.~J. and {Karki}, S. and {Karvinen}, K.~S. and {Kashyap}, R. and {Kasprzack}, M. and {Katsanevas}, S. and {Katsavounidis}, E. and {Katzman}, W. and {Kaufer}, S. and {Kawabe}, K. and {Kawaguchi}, K. and {Kawai}, N. and {Kawasaki}, T. and {Keerthana}, N.~V. and {K{\'e}f{\'e}lian}, F. and {Keitel}, D. and {Kennedy}, R. and {Key}, J.~S. and {Khalili}, F.~Y. and {Khan}, H. and {Khan}, I. and {Khan}, S. and {Khan}, Z. and {Khazanov}, E.~A. and {Khursheed}, M. and {Kijbunchoo}, N. and {Kim}, Chunglee and {Kim}, C. and {Kim}, J.~C. and {Kim}, J. and {Kim}, K. and {Kim}, W. and {Kim}, W.~S. and {Kim}, Y. -M. and {Kimball}, C. and {Kimura}, N. and {King}, E.~J. and {King}, P.~J. and {Kinley-Hanlon}, M. and {Kirchhoff}, R. and {Kissel}, J.~S. and {Kita}, N. and {Kitazawa}, H. and {Kleybolte}, L. and {Klika}, J.~H. and {Klimenko}, S. and {Knowles}, T.~D. and {Knyazev}, E. and {Koch}, P. and {Koehlenbeck}, S.~M. and {Koekoek}, G. and {Kojima}, Y. and {Kokeyama}, K. and {Koley}, S. and {Komori}, K. and {Kondrashov}, V. and {Kong}, A.~K.~H. and {Kontos}, A. and {Koper}, N. and {Korobko}, M. and {Korth}, W.~Z. and {Kotake}, K. and {Kowalska}, I. and {Kozak}, D.~B. and {Kozakai}, C. and {Kozu}, R. and {Kringel}, V. and {Krishnendu}, N. and {Kr{\'o}lak}, A. and {Kuehn}, G. and {Kumar}, A. and {Kumar}, P. and {Kumar}, Rahul and {Kumar}, R. and {Kumar}, S. and {Kume}, J. and {Kuo}, C.~M. and {Kuo}, H.~S. and {Kuo}, L. and {Kuroyanagi}, S. and {Kusayanagi}, K. and {Kutynia}, A. and {Kwak}, K. and {Kwang}, S. and {Lackey}, B.~D. and {Lai}, K.~H. and {Lam}, T.~L. and {Landry}, M. and {Lane}, B.~B. and {Lang}, R.~N. and {Lange}, J. and {Lantz}, B. and {Lanza}, R.~K. and {Lartaux-Vollard}, A. and {Lasky}, P.~D. and {Laxen}, M. and {Lazzarini}, A. and {Lazzaro}, C. and {Leaci}, P. and {Leavey}, S. and {Lecoeuche}, Y.~K. and {Lee}, C.~H. and {Lee}, H.~K. and {Lee}, H.~M. and {Lee}, H.~W. and {Lee}, J. and {Lee}, K. and {Lee}, R.~K. and {Lehmann}, J. and {Lenon}, A. and {Leonardi}, M. and {Leroy}, N. and {Letendre}, N. and {Levin}, Y. and {Li}, J. and {Li}, K.~J.~L. and {Li}, T.~G.~F. and {Li}, X. and {Lin}, C.~Y. and {Lin}, F. and {Lin}, F.~L. and {Lin}, L.~C.~C. and {Linde}, F. and {Linker}, S.~D. and {Littenberg}, T.~B. and {Liu}, G.~C. and {Liu}, J. and {Liu}, X. and {Lo}, R.~K.~L. and {Lockerbie}, N.~A. and {London}, L.~T. and {Longo}, A. and {Lorenzini}, M. and {Loriette}, V. and {Lormand}, M. and {Losurdo}, G. and {Lough}, J.~D. and {Lousto}, C.~O. and {Lovelace}, G. and {Lower}, M.~E. and {L{\"u}ck}, H. and {Lumaca}, D. and {Lundgren}, A.~P. and {Luo}, L.~W. and {Lynch}, R. and {Ma}, Y. and {Macas}, R. and {Macfoy}, S. and {Macinnis}, M. and {MacLeod}, D.~M. and {Macquet}, A. and {Maga{\~n}a-Sandoval}, F. and {Zertuche}, L. Maga{\~n}a and {Magee}, R.~M. and {Majorana}, E. and {Maksimovic}, I. and {Malik}, A. and {Man}, N. and {Mandic}, V. and {Mangano}, V. and {Mansell}, G.~L. and {Manske}, M. and {Mantovani}, M. and {Marchesoni}, F. and {Marchio}, M. and {Marion}, F. and {M{\'a}rka}, S. and {M{\'a}rka}, Z. and {Markakis}, C. and {Markosyan}, A.~S. and {Markowitz}, A. and {Maros}, E. and {Marquina}, A. and {Marsat}, S. and {Martelli}, F. and {Martin}, I.~W. and {Martin}, R.~M. and {Martynov}, D.~V. and {Mason}, K. and {Massera}, E. and {Masserot}, A. and {Massinger}, T.~J. and {Masso-Reid}, M. and {Mastrogiovanni}, S. and {Matas}, A. and {Matichard}, F. and {Matone}, L. and {Mavalvala}, N. and {Mazumder}, N. and {McCann}, J.~J. and {McCarthy}, R. and {McClelland}, D.~E. and {McCormick}, S. and {McCuller}, L. and {McGuire}, S.~C. and {McIver}, J. and {McManus}, D.~J. and {McRae}, T. and {McWilliams}, S.~T. and {Meacher}, D. and {Meadors}, G.~D. and {Mehmet}, M. and {Mehta}, A.~K. and {Meidam}, J. and {Melatos}, A. and {Mendell}, G. and {Mercer}, R.~A. and {Mereni}, L. and {Merilh}, E.~L. and {Merzougui}, M. and {Meshkov}, S. and {Messenger}, C. and {Messick}, C. and {Metzdorff}, R. and {Meyers}, P.~M. and {Miao}, H. and {Michel}, C. and {Michimura}, Y. and {Middleton}, H. and {Mikhailov}, E.~E. and {Milano}, L. and {Miller}, A.~L. and {Miller}, A. and {Millhouse}, M. and {Mills}, J.~C. and {Milovich-Goff}, M.~C. and {Minazzoli}, O. and {Minenkov}, Y. and {Mio}, N. and {Mishkin}, A. and {Mishra}, C. and {Mistry}, T. and {Mitra}, S. and {Mitrofanov}, V.~P. and {Mitselmakher}, G. and {Mittleman}, R. and {Miyakawa}, O. and {Miyamoto}, A. and {Miyazaki}, Y. and {Miyo}, K. and {Miyoki}, S. and {Mo}, G. and {Moffa}, D. and {Mogushi}, K. and {Mohapatra}, S.~R.~P. and {Montani}, M. and {Moore}, C.~J. and {Moraru}, D. and {Moreno}, G. and {Morisaki}, S. and {Moriwaki}, Y. and {Mours}, B. and {Mow-Lowry}, C.~M. and {Mukherjee}, Arunava and {Mukherjee}, D. and {Mukherjee}, S. and {Mukund}, N. and {Mullavey}, A. and {Munch}, J. and {Mu{\~n}iz}, E.~A. and {Muratore}, M. and {Murray}, P.~G. and {Nagano}, K. and {Nagano}, S. and {Nagar}, A. and {Nakamura}, K. and {Nakano}, H. and {Nakano}, M. and {Nakashima}, R. and {Nardecchia}, I. and {Narikawa}, T. and {Naticchioni}, L. and {Nayak}, R.~K. and {Negishi}, R. and {Neilson}, J. and {Nelemans}, G. and {Nelson}, T.~J.~N. and {Nery}, M. and {Neunzert}, A. and {Ng}, K.~Y. and {Ng}, S. and {Nguyen}, P. and {Ni}, W.~T. and {Nichols}, D. and {Nishizawa}, A. and {Nissanke}, S. and {Nocera}, F. and {North}, C. and {Nuttall}, L.~K. and {Obergaulinger}, M. and {Oberling}, J. and {O'Brien}, B.~D. and {Obuchi}, Y. and {O'Dea}, G.~D. and {Ogaki}, W. and {Ogin}, G.~H. and {Oh}, J.~J. and {Oh}, S.~H. and {Ohashi}, M. and {Ohishi}, N. and {Ohkawa}, M. and {Ohme}, F. and {Ohta}, H. and {Okada}, M.~A. and {Okutomi}, K. and {Oliver}, M. and {Oohara}, K. and {Ooi}, C.~P. and {Oppermann}, P. and {Oram}, Richard J. and {O'Reilly}, B. and {Ormiston}, R.~G. and {Ortega}, L.~F. and {O'Shaughnessy}, R. and {Oshino}, S. and {Ossokine}, S. and {Ottaway}, D.~J. and {Overmier}, H. and {Owen}, B.~J. and {Pace}, A.~E. and {Pagano}, G. and {Page}, M.~A. and {Pai}, A. and {Pai}, S.~A. and {Palamos}, J.~R. and {Palashov}, O. and {Palomba}, C. and {Pal-Singh}, A. and {Pan}, Huang-Wei and {Pan}, K.~C. and {Pang}, B. and {Pang}, H.~F. and {Pang}, P.~T.~H. and {Pankow}, C. and {Pannarale}, F. and {Pant}, B.~C. and {Paoletti}, F. and {Paoli}, A. and {Papa}, M.~A. and {Parida}, A. and {Park}, J. and {Parker}, W. and {Pascucci}, D. and {Pasqualetti}, A. and {Passaquieti}, R. and {Passuello}, D. and {Patil}, M. and {Patricelli}, B. and {Pearlstone}, B.~L. and {Pedersen}, C. and {Pedraza}, M. and {Pedurand}, R. and {Pele}, A. and {Arellano}, F.~E. Pe{\~n}a and {Penn}, S. and {Perez}, C.~J. and {Perreca}, A. and {Pfeiffer}, H.~P. and {Phelps}, M. and {Phukon}, K.~S. and {Piccinni}, O.~J. and {Pichot}, M. and {Piergiovanni}, F. and {Pillant}, G. and {Pinard}, L. and {Pinto}, I. and {Pirello}, M. and {Pitkin}, M. and {Poggiani}, R. and {Pong}, D.~Y.~T. and {Ponrathnam}, S. and {Popolizio}, P. and {Porter}, E.~K. and {Powell}, J. and {Prajapati}, A.~K. and {Prasad}, J. and {Prasai}, K. and {Prasanna}, R. and {Pratten}, G. and {Prestegard}, T. and {Privitera}, S. and {Prodi}, G.~A. and {Prokhorov}, L.~G. and {Puncken}, O. and {Punturo}, M. and {Puppo}, P. and {P{\"u}rrer}, M. and {Qi}, H. and {Quetschke}, V. and {Quinonez}, P.~J. and {Quintero}, E.~A. and {Quitzow-James}, R. and {Raab}, F.~J. and {Radkins}, H. and {Radulescu}, N. and {Raffai}, P. and {Raja}, S. and {Rajan}, C. and {Rajbhandari}, B. and {Rakhmanov}, M. and {Ramirez}, K.~E. and {Ramos-Buades}, A. and {Rana}, Javed and {Rao}, K. and {Rapagnani}, P. and {Raymond}, V. and {Razzano}, M. and {Read}, J. and {Regimbau}, T. and {Rei}, L. and {Reid}, S. and {Reitze}, D.~H. and {Ren}, W. and {Ricci}, F. and {Richardson}, C.~J. and {Richardson}, J.~W. and {Ricker}, P.~M. and {Riles}, K. and {Rizzo}, M. and {Robertson}, N.~A. and {Robie}, R. and {Robinet}, F. and {Rocchi}, A. and {Rolland}, L. and {Rollins}, J.~G. and {Roma}, V.~J. and {Romanelli}, M. and {Romano}, R. and {Romel}, C.~L. and {Romie}, J.~H. and {Rose}, K. and {Rosi{\'n}ska}, D. and {Rosofsky}, S.~G. and {Ross}, M.~P. and {Rowan}, S. and {R{\"u}diger}, A. and {Ruggi}, P. and {Rutins}, G. and {Ryan}, K. and {Sachdev}, S. and {Sadecki}, T. and {Sago}, N. and {Saito}, S. and {Saito}, Y. and {Sakai}, K. and {Sakai}, Y. and {Sakamoto}, H. and {Sakellariadou}, M. and {Sakuno}, Y. and {Salconi}, L. and {Saleem}, M. and {Samajdar}, A. and {Sammut}, L. and {Sanchez}, E.~J. and {Sanchez}, L.~E. and {Sanchis-Gual}, N. and {Sandberg}, V. and {Sanders}, J.~R. and {Santiago}, K.~A. and {Sarin}, N. and {Sassolas}, B. and {Sathyaprakash}, B.~S. and {Sato}, S. and {Sato}, T. and {Sauter}, O. and {Savage}, R.~L. and {Sawada}, T. and {Schale}, P. and {Scheel}, M. and {Scheuer}, J. and {Schmidt}, P. and {Schnabel}, R. and {Schofield}, R.~M.~S. and {Sch{\"o}nbeck}, A. and {Schreiber}, E. and {Schulte}, B.~W. and {Schutz}, B.~F. and {Schwalbe}, S.~G. and {Scott}, J. and {Scott}, S.~M. and {Seidel}, E. and {Sekiguchi}, T. and {Sekiguchi}, Y. and {Sellers}, D. and {Sengupta}, A.~S. and {Sennett}, N. and {Sentenac}, D. and {Sequino}, V. and {Sergeev}, A. and {Setyawati}, Y. and {Shaddock}, D.~A. and {Shaffer}, T. and {Shahriar}, M.~S. and {Shaner}, M.~B. and {Shao}, L. and {Sharma}, P. and {Shawhan}, P. and {Shen}, H. and {Shibagaki}, S. and {Shimizu}, R. and {Shimoda}, T. and {Shimode}, K. and {Shink}, R. and {Shinkai}, H. and {Shishido}, T. and {Shoda}, A. and {Shoemaker}, D.~H. and {Shoemaker}, D.~M. and {Shyamsundar}, S. and {Siellez}, K. and {Sieniawska}, M. and {Sigg}, D. and {Silva}, A.~D. and {Singer}, L.~P. and {Singh}, N. and {Singhal}, A. and {Sintes}, A.~M. and {Sitmukhambetov}, S. and {Skliris}, V. and {Slagmolen}, B.~J.~J. and {Slaven-Blair}, T.~J. and {Smith}, J.~R. and {Smith}, R.~J.~E. and {Somala}, S. and {Somiya}, K. and {Son}, E.~J. and {Sorazu}, B. and {Sorrentino}, F. and {Sotani}, H. and {Souradeep}, T. and {Sowell}, E. and {Spencer}, A.~P. and {Srivastava}, A.~K. and {Srivastava}, V. and {Staats}, K. and {Stachie}, C. and {Standke}, M. and {Steer}, D.~A. and {Steinke}, M. and {Steinlechner}, J. and {Steinlechner}, S. and {Steinmeyer}, D. and {Stevenson}, S.~P. and {Stocks}, D. and {Stone}, R. and {Stops}, D.~J. and {Strain}, K.~A. and {Stratta}, G. and {Strigin}, S.~E. and {Strunk}, A. and {Sturani}, R. and {Stuver}, A.~L. and {Sudhir}, V. and {Sugimoto}, R. and {Summerscales}, T.~Z. and {Sun}, L. and {Sunil}, S. and {Suresh}, J. and {Sutton}, P.~J. and {Suzuki}, Takamasa and {Suzuki}, Toshikazu and {Swinkels}, B.~L. and {Szczepa{\'n}czyk}, M.~J. and {Tacca}, M. and {Tagoshi}, H. and {Tait}, S.~C. and {Takahashi}, H. and {Takahashi}, R. and {Takamori}, A. and {Takano}, S. and {Takeda}, H. and {Takeda}, M. and {Talbot}, C. and {Talukder}, D. and {Tanaka}, H. and {Tanaka}, Kazuyuki and {Tanaka}, Kenta and {Tanaka}, Taiki and {Tanaka}, Takahiro and {Tanioka}, S. and {Tanner}, D.~B. and {T{\'a}pai}, M. and {Tapia San Martin}, E.~N. and {Taracchini}, A. and {Tasson}, J.~D. and {Taylor}, R. and {Telada}, S. and {Thies}, F. and {Thomas}, M. and {Thomas}, P. and {Thondapu}, S.~R. and {Thorne}, K.~A. and {Thrane}, E. and {Tiwari}, Shubhanshu and {Tiwari}, Srishti and {Tiwari}, V. and {Toland}, K. and {Tomaru}, T. and {Tomigami}, Y. and {Tomura}, T. and {Tonelli}, M. and {Tornasi}, Z. and {Torres-Forn{\'e}}, A. and {Torrie}, C.~I. and {T{\"o}yr{\"a}}, D. and {Travasso}, F. and {Traylor}, G. and {Tringali}, M.~C. and {Trovato}, A. and {Trozzo}, L. and {Trudeau}, R. and {Tsang}, K.~W. and {Tsang}, T.~T.~L. and {Tse}, M. and {Tso}, R. and {Tsubono}, K. and {Tsuchida}, S. and {Tsukada}, L. and {Tsuna}, D. and {Tsuzuki}, T. and {Tuyenbayev}, D. and {Uchikata}, N. and {Uchiyama}, T. and {Ueda}, A. and {Uehara}, T. and {Ueno}, K. and {Ueshima}, G. and {Ugolini}, D. and {Unnikrishnan}, C.~S. and {Uraguchi}, F. and {Urban}, A.~L. and {Ushiba}, T. and {Usman}, S.~A. and {Vahlbruch}, H. and {Vajente}, G. and {Valdes}, G. and {van Bakel}, N. and {van Beuzekom}, M. and {van den Brand}, J.~F.~J. and {van den Broeck}, C. and {Vander-Hyde}, D.~C. and {van der Schaaf}, L. and {van Heijningen}, J.~V. and {van Putten}, M.~H.~P.~M. and {van Veggel}, A.~A. and {Vardaro}, M. and {Varma}, V. and {Vass}, S. and {Vas{\'u}th}, M. and {Vecchio}, A. and {Vedovato}, G. and {Veitch}, J. and {Veitch}, P.~J. and {Venkateswara}, K. and {Venugopalan}, G. and {Verkindt}, D. and {Vetrano}, F. and {Vicer{\'e}}, A. and {Viets}, A.~D. and {Vine}, D.~J. and {Vinet}, J. -Y. and {Vitale}, S. and {Vivanco}, Francisco Hernandez and {Vo}, T. and {Vocca}, H. and {Vorvick}, C. and {Vyatchanin}, S.~P. and {Wade}, A.~R. and {Wade}, L.~E. and {Wade}, M. and {Walet}, R. and {Walker}, M. and {Wallace}, L. and {Walsh}, S. and {Wang}, G. and {Wang}, H. and {Wang}, J. and {Wang}, J.~Z. and {Wang}, W.~H. and {Wang}, Y.~F. and {Ward}, R.~L. and {Warden}, Z.~A. and {Warner}, J. and {Was}, M. and {Watchi}, J. and {Weaver}, B. and {Wei}, L. -W. and {Weinert}, M. and {Weinstein}, A.~J. and {Weiss}, R. and {Wellmann}, F. and {Wen}, L. and {Wessel}, E.~K. and {We{\ss}els}, P. and {Westhouse}, J.~W. and {Wette}, K. and {Whelan}, J.~T. and {Whiting}, B.~F. and {Whittle}, C. and {Wilken}, D.~M. and {Williams}, D. and {Williamson}, A.~R. and {Willis}, J.~L. and {Willke}, B. and {Wimmer}, M.~H. and {Winkler}, W. and {Wipf}, C.~C. and {Wittel}, H. and {Woan}, G. and {Woehler}, J. and {Wofford}, J.~K. and {Worden}, J. and {Wright}, J.~L. and {Wu}, C.~M. and {Wu}, D.~S. and {Wu}, H.~C. and {Wu}, S.~R. and {Wysocki}, D.~M. and {Xiao}, L. and {Xu}, W.~R. and {Yamada}, T. and {Yamamoto}, H. and {Yamamoto}, Kazuhiro and {Yamamoto}, Kohei and {Yamamoto}, T. and {Yancey}, C.~C. and {Yang}, L. and {Yap}, M.~J. and {Yazback}, M. and {Yeeles}, D.~W. and {Yokogawa}, K. and {Yokoyama}, J. and {Yokozawa}, T. and {Yoshioka}, T. and {Yu}, Hang and {Yu}, Haocun and {Yuen}, S.~H.~R. and {Yuzurihara}, H. and {Yvert}, M. and {Zadro{\.z}ny}, A.~K. and {Zanolin}, M. and {Zeidler}, S. and {Zelenova}, T. and {Zendri}, J. -P. and {Zevin}, M. and {Zhang}, J. and {Zhang}, L. and {Zhang}, T. and {Zhao}, C. and {Zhao}, Y. and {Zhou}, M. and {Zhou}, Z. and {Zhu}, X.~J. and {Zhu}, Z.~H. and {Zimmerman}, A.~B. and {Zucker}, M.~E. and {Zweizig}, J. and {Kagra Collaboration}, Ligo Scientific Collaboration and {VIRGO Collaboration}},
        title = "{Prospects for observing and localizing gravitational-wave transients with Advanced LIGO, Advanced Virgo and KAGRA}",
      journal = {Living Reviews in Relativity},
     keywords = {Gravitational waves, Gravitational-wave detectors, Electromagnetic counterparts, Data analysis},
         year = 2020,
        month = sep,
       volume = {23},
       number = {1},
          eid = {3},
        pages = {3},
          doi = {10.1007/s41114-020-00026-9},
       adsurl = {https://ui.adsabs.harvard.edu/abs/2020LRR....23....3A},
      adsnote = {Provided by the SAO/NASA Astrophysics Data System}
}

@ARTICLE{aaa2020b,
       author = {{Abbott}, B.~P. and {Abbott}, R. and {Abbott}, T.~D. and {Abraham}, S. and {Acernese}, F. and {Ackley}, K. and {Adams}, C. and {Adya}, V.~B. and {Affeldt}, C. and {Agathos}, M. and {Agatsuma}, K. and {Aggarwal}, N. and {Aguiar}, O.~D. and {Aiello}, L. and {Ain}, A. and {Ajith}, P. and {Allen}, G. and {Allocca}, A. and {Aloy}, M.~A. and {Altin}, P.~A. and {Amato}, A. and {Anand}, S. and {Ananyeva}, A. and {Anderson}, S.~B. and {Anderson}, W.~G. and {Angelova}, S.~V. and {Antier}, S. and {Appert}, S. and {Arai}, K. and {Araya}, M.~C. and {Areeda}, J.~S. and {Ar{\`e}ne}, M. and {Arnaud}, N. and {Aronson}, S.~M. and {Ascenzi}, S. and {Ashton}, G. and {Aston}, S.~M. and {Astone}, P. and {Aubin}, F. and {Aufmuth}, P. and {AultONeal}, K. and {Austin}, C. and {Avendano}, V. and {Avila-Alvarez}, A. and {Babak}, S. and {Bacon}, P. and {Badaracco}, F. and {Bader}, M.~K.~M. and {Bae}, S. and {Baird}, J. and {Baker}, P.~T. and {Baldaccini}, F. and {Ballardin}, G. and {Ballmer}, S.~W. and {Bals}, A. and {Banagiri}, S. and {Barayoga}, J.~C. and {Barbieri}, C. and {Barclay}, S.~E. and {Barish}, B.~C. and {Barker}, D. and {Barkett}, K. and {Barnum}, S. and {Barone}, F. and {Barr}, B. and {Barsotti}, L. and {Barsuglia}, M. and {Barta}, D. and {Bartlett}, J. and {Bartos}, I. and {Bassiri}, R. and {Basti}, A. and {Bawaj}, M. and {Bayley}, J.~C. and {Bazzan}, M. and {B{\'e}csy}, B. and {Bejger}, M. and {Belahcene}, I. and {Bell}, A.~S. and {Beniwal}, D. and {Benjamin}, M.~G. and {Bergmann}, G. and {Bernuzzi}, S. and {Berry}, C.~P.~L. and {Bersanetti}, D. and {Bertolini}, A. and {Betzwieser}, J. and {Bhandare}, R. and {Bidler}, J. and {Biggs}, E. and {Bilenko}, I.~A. and {Bilgili}, S.~A. and {Billingsley}, G. and {Birney}, R. and {Birnholtz}, O. and {Biscans}, S. and {Bischi}, M. and {Biscoveanu}, S. and {Bisht}, A. and {Bitossi}, M. and {Bizouard}, M.~A. and {Blackburn}, J.~K. and {Blackman}, J. and {Blair}, C.~D. and {Blair}, D.~G. and {Blair}, R.~M. and {Bloemen}, S. and {Bobba}, F. and {Bode}, N. and {Boer}, M. and {Boetzel}, Y. and {Bogaert}, G. and {Bondu}, F. and {Bonnand}, R. and {Booker}, P. and {Boom}, B.~A. and {Bork}, R. and {Boschi}, V. and {Bose}, S. and {Bossilkov}, V. and {Bosveld}, J. and {Bouffanais}, Y. and {Bozzi}, A. and {Bradaschia}, C. and {Brady}, P.~R. and {Bramley}, A. and {Branchesi}, M. and {Brau}, J.~E. and {Breschi}, M. and {Briant}, T. and {Briggs}, J.~H. and {Brighenti}, F. and {Brillet}, A. and {Brinkmann}, M. and {Brockill}, P. and {Brooks}, A.~F. and {Brooks}, J. and {Brown}, D.~D. and {Brunett}, S. and {Buikema}, A. and {Bulik}, T. and {Bulten}, H.~J. and {Buonanno}, A. and {Buskulic}, D. and {Buy}, C. and {Byer}, R.~L. and {Cabero}, M. and {Cadonati}, L. and {Cagnoli}, G. and {Cahillane}, C. and {Bustillo}, J. Calder{\'o}n and {Callister}, T.~A. and {Calloni}, E. and {Camp}, J.~B. and {Campbell}, W.~A. and {Canepa}, M. and {Cannon}, K.~C. and {Cao}, H. and {Cao}, J. and {Carapella}, G. and {Carbognani}, F. and {Caride}, S. and {Carney}, M.~F. and {Carullo}, G. and {Diaz}, J. Casanueva and {Casentini}, C. and {Caudill}, S. and {Cavagli{\`a}}, M. and {Cavalier}, F. and {Cavalieri}, R. and {Cella}, G. and {Cerd{\'a}-Dur{\'a}n}, P. and {Cesarini}, E. and {Chaibi}, O. and {Chakravarti}, K. and {Chamberlin}, S.~J. and {Chan}, M. and {Chao}, S. and {Charlton}, P. and {Chase}, E.~A. and {Chassande-Mottin}, E. and {Chatterjee}, D. and {Chaturvedi}, M. and {Cheeseboro}, B.~D. and {Chen}, H.~Y. and {Chen}, X. and {Chen}, Y. and {Cheng}, H. -P. and {Cheong}, C.~K. and {Chia}, H.~Y. and {Chiadini}, F. and {Chincarini}, A. and {Chiummo}, A. and {Cho}, G. and {Cho}, H.~S. and {Cho}, M. and {Christensen}, N. and {Chu}, Q. and {Chua}, S. and {Chung}, K.~W. and {Chung}, S. and {Ciani}, G. and {Cie{\'s}lar}, M. and {Ciobanu}, A.~A. and {Ciolfi}, R. and {Cipriano}, F. and {Cirone}, A. and {Clara}, F. and {Clark}, J.~A. and {Clearwater}, P. and {Cleva}, F. and {Coccia}, E. and {Cohadon}, P. -F. and {Cohen}, D. and {Colleoni}, M. and {Collette}, C.~G. and {Collins}, C. and {Colpi}, M. and {Cominsky}, L.~R. and {Constancio}, M. and {Conti}, L. and {Cooper}, S.~J. and {Corban}, P. and {Corbitt}, T.~R. and {Cordero-Carri{\'o}n}, I. and {Corezzi}, S. and {Corley}, K.~R. and {Cornish}, N. and {Corre}, D. and {Corsi}, A. and {Cortese}, S. and {Costa}, C.~A. and {Cotesta}, R. and {Coughlin}, M.~W. and {Coughlin}, S.~B. and {Coulon}, J. -P. and {Countryman}, S.~T. and {Couvares}, P. and {Covas}, P.~B. and {Cowan}, E.~E. and {Coward}, D.~M. and {Cowart}, M.~J. and {Coyne}, D.~C. and {Coyne}, R. and {Creighton}, J.~D.~E. and {Creighton}, T.~D. and {Cripe}, J. and {Croquette}, M. and {Crowder}, S.~G. and {Cullen}, T.~J. and {Cumming}, A. and {Cunningham}, L. and {Cuoco}, E. and {Canton}, T. Dal and {D{\'a}lya}, G. and {D'Angelo}, B. and {Danilishin}, S.~L. and {D'Antonio}, S. and {Danzmann}, K. and {Dasgupta}, A. and {Costa}, C.~F. Da Silva and {Datrier}, L.~E.~H. and {Dattilo}, V. and {Dave}, I. and {Davier}, M. and {Davis}, D. and {Daw}, E.~J. and {DeBra}, D. and {Deenadayalan}, M. and {Degallaix}, J. and {De Laurentis}, M. and {Del{\'e}glise}, S. and {Del Pozzo}, W. and {DeMarchi}, L.~M. and {Demos}, N. and {Dent}, T. and {De Pietri}, R. and {De Rosa}, R. and {De Rossi}, C. and {DeSalvo}, R. and {de Varona}, O. and {Dhurandhar}, S. and {D{\'\i}az}, M.~C. and {Dietrich}, T. and {Di Fiore}, L. and {DiFronzo}, C. and {Di Giorgio}, C. and {Di Giovanni}, F. and {Di Giovanni}, M. and {Di Girolamo}, T. and {Di Lieto}, A. and {Ding}, B. and {Di Pace}, S. and {Di Palma}, I. and {Di Renzo}, F. and {Divakarla}, A.~K. and {Dmitriev}, A. and {Doctor}, Z. and {Donovan}, F. and {Dooley}, K.~L. and {Doravari}, S. and {Dorrington}, I. and {Downes}, T.~P. and {Drago}, M. and {Driggers}, J.~C. and {Du}, Z. and {Ducoin}, J. -G. and {Dupej}, P. and {Durante}, O. and {Dwyer}, S.~E. and {Easter}, P.~J. and {Eddolls}, G. and {Edo}, T.~B. and {Effler}, A. and {Ehrens}, P. and {Eichholz}, J. and {Eikenberry}, S.~S. and {Eisenmann}, M. and {Eisenstein}, R.~A. and {Errico}, L. and {Essick}, R.~C. and {Estelles}, H. and {Estevez}, D. and {Etienne}, Z.~B. and {Etzel}, T. and {Evans}, M. and {Evans}, T.~M. and {Fafone}, V. and {Fairhurst}, S. and {Fan}, X. and {Farinon}, S. and {Farr}, B. and {Farr}, W.~M. and {Fauchon-Jones}, E.~J. and {Favata}, M. and {Fays}, M. and {Fazio}, M. and {Fee}, C. and {Feicht}, J. and {Fejer}, M.~M. and {Feng}, F. and {Fernandez-Galiana}, A. and {Ferrante}, I. and {Ferreira}, E.~C. and {Ferreira}, T.~A. and {Fidecaro}, F. and {Fiori}, I. and {Fiorucci}, D. and {Fishbach}, M. and {Fisher}, R.~P. and {Fishner}, J.~M. and {Fittipaldi}, R. and {Fitz-Axen}, M. and {Fiumara}, V. and {Flaminio}, R. and {Fletcher}, M. and {Floden}, E. and {Flynn}, E. and {Fong}, H. and {Font}, J.~A. and {Forsyth}, P.~W.~F. and {Fournier}, J. -D. and {Vivanco}, Francisco Hernandez and {Frasca}, S. and {Frasconi}, F. and {Frei}, Z. and {Freise}, A. and {Frey}, R. and {Frey}, V. and {Fritschel}, P. and {Frolov}, V.~V. and {Fronz{\`e}}, G. and {Fulda}, P. and {Fyffe}, M. and {Gabbard}, H.~A. and {Gadre}, B.~U. and {Gaebel}, S.~M. and {Gair}, J.~R. and {Gammaitoni}, L. and {Gaonkar}, S.~G. and {Garc{\'\i}a-Quir{\'o}s}, C. and {Garufi}, F. and {Gateley}, B. and {Gaudio}, S. and {Gaur}, G. and {Gayathri}, V. and {Gemme}, G. and {Genin}, E. and {Gennai}, A. and {George}, D. and {George}, J. and {Gergely}, L. and {Ghonge}, S. and {Ghosh}, Abhirup and {Ghosh}, Archisman and {Ghosh}, S. and {Giacomazzo}, B. and {Giaime}, J.~A. and {Giardina}, K.~D. and {Gibson}, D.~R. and {Gill}, K. and {Glover}, L. and {Gniesmer}, J. and {Godwin}, P. and {Goetz}, E. and {Goetz}, R. and {Goncharov}, B. and {Gonz{\'a}lez}, G. and {Castro}, J.~M. Gonzalez and {Gopakumar}, A. and {Gossan}, S.~E. and {Gosselin}, M. and {Gouaty}, R. and {Grace}, B. and {Grado}, A. and {Granata}, M. and {Grant}, A. and {Gras}, S. and {Grassia}, P. and {Gray}, C. and {Gray}, R. and {Greco}, G. and {Green}, A.~C. and {Green}, R. and {Gretarsson}, E.~M. and {Grimaldi}, A. and {Grimm}, S.~J. and {Groot}, P. and {Grote}, H. and {Grunewald}, S. and {Gruning}, P. and {Guidi}, G.~M. and {Gulati}, H.~K. and {Guo}, Y. and {Gupta}, A. and {Gupta}, Anchal and {Gupta}, P. and {Gustafson}, E.~K. and {Gustafson}, R. and {Haegel}, L. and {Halim}, O. and {Hall}, B.~R. and {Hall}, E.~D. and {Hamilton}, E.~Z. and {Hammond}, G. and {Haney}, M. and {Hanke}, M.~M. and {Hanks}, J. and {Hanna}, C. and {Hannam}, M.~D. and {Hannuksela}, O.~A. and {Hansen}, T.~J. and {Hanson}, J. and {Harder}, T. and {Hardwick}, T. and {Haris}, K. and {Harms}, J. and {Harry}, G.~M. and {Harry}, I.~W. and {Hasskew}, R.~K. and {Haster}, C.~J. and {Haughian}, K. and {Hayes}, F.~J. and {Healy}, J. and {Heidmann}, A. and {Heintze}, M.~C. and {Heitmann}, H. and {Hellman}, F. and {Hello}, P. and {Hemming}, G. and {Hendry}, M. and {Heng}, I.~S. and {Hennig}, J. and {Heurs}, M. and {Hild}, S. and {Hinderer}, T. and {Hochheim}, S. and {Hofman}, D. and {Holgado}, A.~M. and {Holland}, N.~A. and {Holt}, K. and {Holz}, D.~E. and {Hopkins}, P. and {Horst}, C. and {Hough}, J. and {Howell}, E.~J. and {Hoy}, C.~G. and {Huang}, Y. and {H{\"u}bner}, M.~T. and {Huerta}, E.~A. and {Huet}, D. and {Hughey}, B. and {Hui}, V. and {Husa}, S. and {Huttner}, S.~H. and {Huynh-Dinh}, T. and {Idzkowski}, B. and {Iess}, A. and {Inchauspe}, H. and {Ingram}, C. and {Inta}, R. and {Intini}, G. and {Irwin}, B. and {Isa}, H.~N. and {Isac}, J. -M. and {Isi}, M. and {Iyer}, B.~R. and {Jacqmin}, T. and {Jadhav}, S.~J. and {Jani}, K. and {Janthalur}, N.~N. and {Jaranowski}, P. and {Jariwala}, D. and {Jenkins}, A.~C. and {Jiang}, J. and {Johnson}, D.~S. and {Jones}, A.~W. and {Jones}, D.~I. and {Jones}, J.~D. and {Jones}, R. and {Jonker}, R.~J.~G. and {Ju}, L. and {Junker}, J. and {Kalaghatgi}, C.~V. and {Kalogera}, V. and {Kamai}, B. and {Kandhasamy}, S. and {Kang}, G. and {Kanner}, J.~B. and {Kapadia}, S.~J. and {Karki}, S. and {Kashyap}, R. and {Kasprzack}, M. and {Katsanevas}, S. and {Katsavounidis}, E. and {Katzman}, W. and {Kaufer}, S. and {Kawabe}, K. and {Keerthana}, N.~V. and {K{\'e}f{\'e}lian}, F. and {Keitel}, D. and {Kennedy}, R. and {Key}, J.~S. and {Khalili}, F.~Y. and {Khan}, I. and {Khan}, S. and {Khazanov}, E.~A. and {Khetan}, N. and {Khursheed}, M. and {Kijbunchoo}, N. and {Kim}, Chunglee and {Kim}, J.~C. and {Kim}, K. and {Kim}, W. and {Kim}, W.~S. and {Kim}, Y. -M. and {Kimball}, C. and {King}, P.~J. and {Kinley-Hanlon}, M. and {Kirchhoff}, R. and {Kissel}, J.~S. and {Kleybolte}, L. and {Klika}, J.~H. and {Klimenko}, S. and {Knowles}, T.~D. and {Koch}, P. and {Koehlenbeck}, S.~M. and {Koekoek}, G. and {Koley}, S. and {Kondrashov}, V. and {Kontos}, A. and {Koper}, N. and {Korobko}, M. and {Korth}, W.~Z. and {Kovalam}, M. and {Kozak}, D.~B. and {Kr{\"a}mer}, C. and {Kringel}, V. and {Krishnendu}, N. and {Kr{\'o}lak}, A. and {Krupinski}, N. and {Kuehn}, G. and {Kumar}, A. and {Kumar}, P. and {Kumar}, Rahul and {Kumar}, Rakesh and {Kuo}, L. and {Kutynia}, A. and {Kwang}, S. and {Lackey}, B.~D. and {Laghi}, D. and {Lai}, K.~H. and {Lam}, T.~L. and {Landry}, M. and {Lane}, B.~B. and {Lang}, R.~N. and {Lange}, J. and {Lantz}, B. and {Lanza}, R.~K. and {Lartaux-Vollard}, A. and {Lasky}, P.~D. and {Laxen}, M. and {Lazzarini}, A. and {Lazzaro}, C. and {Leaci}, P. and {Leavey}, S. and {Lecoeuche}, Y.~K. and {Lee}, C.~H. and {Lee}, H.~K. and {Lee}, H.~M. and {Lee}, H.~W. and {Lee}, J. and {Lee}, K. and {Lehmann}, J. and {Lenon}, A.~K. and {Leroy}, N. and {Letendre}, N. and {Levin}, Y. and {Li}, A. and {Li}, J. and {Li}, K.~J.~L. and {Li}, T.~G.~F. and {Li}, X. and {Lin}, F. and {Linde}, F. and {Linker}, S.~D. and {Littenberg}, T.~B. and {Liu}, J. and {Liu}, X. and {Llorens-Monteagudo}, M. and {Lo}, R.~K.~L. and {London}, L.~T. and {Longo}, A. and {Lorenzini}, M. and {Loriette}, V. and {Lormand}, M. and {Losurdo}, G. and {Lough}, J.~D. and {Lousto}, C.~O. and {Lovelace}, G. and {Lower}, M.~E. and {L{\"u}ck}, H. and {Lumaca}, D. and {Lundgren}, A.~P. and {Lynch}, R. and {Ma}, Y. and {Macas}, R. and {Macfoy}, S. and {MacInnis}, M. and {Macleod}, D.~M. and {Macquet}, A. and {Hernandez}, I. Maga{\~n}a and {Maga{\~n}a-Sandoval}, F. and {Magee}, R.~M. and {Majorana}, E. and {Maksimovic}, I. and {Malik}, A. and {Man}, N. and {Mandic}, V. and {Mangano}, V. and {Mansell}, G.~L. and {Manske}, M. and {Mantovani}, M. and {Mapelli}, M. and {Marchesoni}, F. and {Marion}, F. and {M{\'a}rka}, S. and {M{\'a}rka}, Z. and {Markakis}, C. and {Markosyan}, A.~S. and {Markowitz}, A. and {Maros}, E. and {Marquina}, A. and {Marsat}, S. and {Martelli}, F. and {Martin}, I.~W. and {Martin}, R.~M. and {Martinez}, V. and {Martynov}, D.~V. and {Masalehdan}, H. and {Mason}, K. and {Massera}, E. and {Masserot}, A. and {Massinger}, T.~J. and {Masso-Reid}, M. and {Mastrogiovanni}, S. and {Matas}, A. and {Matichard}, F. and {Matone}, L. and {Mavalvala}, N. and {McCann}, J.~J. and {McCarthy}, R. and {McClelland}, D.~E. and {McCormick}, S. and {McCuller}, L. and {McGuire}, S.~C. and {McIsaac}, C. and {McIver}, J. and {McManus}, D.~J. and {McRae}, T. and {McWilliams}, S.~T. and {Meacher}, D. and {Meadors}, G.~D. and {Mehmet}, M. and {Mehta}, A.~K. and {Meidam}, J. and {Villa}, E. Mejuto and {Melatos}, A. and {Mendell}, G. and {Mercer}, R.~A. and {Mereni}, L. and {Merfeld}, K. and {Merilh}, E.~L. and {Merzougui}, M. and {Meshkov}, S. and {Messenger}, C. and {Messick}, C. and {Messina}, F. and {Metzdorff}, R. and {Meyers}, P.~M. and {Meylahn}, F. and {Miani}, A. and {Miao}, H. and {Michel}, C. and {Middleton}, H. and {Milano}, L. and {Miller}, A.~L. and {Millhouse}, M. and {Mills}, J.~C. and {Milovich-Goff}, M.~C. and {Minazzoli}, O. and {Minenkov}, Y. and {Mishkin}, A. and {Mishra}, C. and {Mistry}, T. and {Mitra}, S. and {Mitrofanov}, V.~P. and {Mitselmakher}, G. and {Mittleman}, R. and {Mo}, G. and {Moffa}, D. and {Mogushi}, K. and {Mohapatra}, S.~R.~P. and {Molina-Ruiz}, M. and {Mondin}, M. and {Montani}, M. and {Moore}, C.~J. and {Moraru}, D. and {Morawski}, F. and {Moreno}, G. and {Morisaki}, S. and {Mours}, B. and {Mow-Lowry}, C.~M. and {Muciaccia}, F. and {Mukherjee}, Arunava and {Mukherjee}, D. and {Mukherjee}, S. and {Mukherjee}, Subroto and {Mukund}, N. and {Mullavey}, A. and {Munch}, J. and {Mu{\~n}iz}, E.~A. and {Muratore}, M. and {Murray}, P.~G. and {Nardecchia}, I. and {Naticchioni}, L. and {Nayak}, R.~K. and {Neil}, B.~F. and {Neilson}, J. and {Nelemans}, G. and {Nelson}, T.~J.~N. and {Nery}, M. and {Neunzert}, A. and {Nevin}, L. and {Ng}, K.~Y. and {Ng}, S. and {Nguyen}, C. and {Nguyen}, P. and {Nichols}, D. and {Nichols}, S.~A. and {Nissanke}, S. and {Nocera}, F. and {North}, C. and {Nuttall}, L.~K. and {Obergaulinger}, M. and {Oberling}, J. and {O'Brien}, B.~D. and {Oganesyan}, G. and {Ogin}, G.~H. and {Oh}, J.~J. and {Oh}, S.~H. and {Ohme}, F. and {Ohta}, H. and {Okada}, M.~A. and {Oliver}, M. and {Oppermann}, P. and {Oram}, Richard J. and {O'Reilly}, B. and {Ormiston}, R.~G. and {Ortega}, L.~F. and {O'Shaughnessy}, R. and {Ossokine}, S. and {Ottaway}, D.~J. and {Overmier}, H. and {Owen}, B.~J. and {Pace}, A.~E. and {Pagano}, G. and {Page}, M.~A. and {Pagliaroli}, G. and {Pai}, A. and {Pai}, S.~A. and {Palamos}, J.~R. and {Palashov}, O. and {Palomba}, C. and {Pan}, H. and {Panda}, P.~K. and {Pang}, P.~T.~H. and {Pankow}, C. and {Pannarale}, F. and {Pant}, B.~C. and {Paoletti}, F. and {Paoli}, A. and {Parida}, A. and {Parker}, W. and {Pascucci}, D. and {Pasqualetti}, A. and {Passaquieti}, R. and {Passuello}, D. and {Patil}, M. and {Patricelli}, B. and {Payne}, E. and {Pearlstone}, B.~L. and {Pechsiri}, T.~C. and {Pedersen}, A.~J. and {Pedraza}, M. and {Pedurand}, R. and {Pele}, A. and {Penn}, S. and {Perego}, A. and {Perez}, C.~J. and {P{\'e}rigois}, C. and {Perreca}, A. and {Petermann}, J. and {Pfeiffer}, H.~P. and {Phelps}, M. and {Phukon}, K.~S. and {Piccinni}, O.~J. and {Pichot}, M. and {Piergiovanni}, F. and {Pierro}, V. and {Pillant}, G. and {Pinard}, L. and {Pinto}, I.~M. and {Pirello}, M. and {Pitkin}, M. and {Plastino}, W. and {Poggiani}, R. and {Pong}, D.~Y.~T. and {Ponrathnam}, S. and {Popolizio}, P. and {Porter}, E.~K. and {Powell}, J. and {Prajapati}, A.~K. and {Prasad}, J. and {Prasai}, K. and {Prasanna}, R. and {Pratten}, G. and {Prestegard}, T. and {Principe}, M. and {Prodi}, G.~A. and {Prokhorov}, L. and {Punturo}, M. and {Puppo}, P. and {P{\"u}rrer}, M. and {Qi}, H. and {Quetschke}, V. and {Quinonez}, P.~J. and {Raab}, F.~J. and {Raaijmakers}, G. and {Radkins}, H. and {Radulesco}, N. and {Raffai}, P. and {Raja}, S. and {Rajan}, C. and {Rajbhandari}, B. and {Rakhmanov}, M. and {Ramirez}, K.~E. and {Ramos-Buades}, A. and {Rana}, Javed and {Rao}, K. and {Rapagnani}, P. and {Raymond}, V. and {Razzano}, M. and {Read}, J. and {Regimbau}, T. and {Rei}, L. and {Reid}, S. and {Reitze}, D.~H. and {Rettegno}, P. and {Ricci}, F. and {Richardson}, C.~J. and {Richardson}, J.~W. and {Ricker}, P.~M. and {Riemenschneider}, G. and {Riles}, K. and {Rizzo}, M. and {Robertson}, N.~A. and {Robinet}, F. and {Rocchi}, A. and {Rolland}, L. and {Rollins}, J.~G. and {Roma}, V.~J. and {Romanelli}, M. and {Romano}, R. and {Romel}, C.~L. and {Romie}, J.~H. and {Rose}, C.~A. and {Rose}, D. and {Rose}, K. and {Rosi{\'n}ska}, D. and {Rosofsky}, S.~G. and {Ross}, M.~P. and {Rowan}, S. and {R{\"u}diger}, A. and {Ruggi}, P. and {Rutins}, G. and {Ryan}, K. and {Sachdev}, S. and {Sadecki}, T. and {Sakellariadou}, M. and {Salafia}, O.~S. and {Salconi}, L. and {Saleem}, M. and {Samajdar}, A. and {Sammut}, L. and {Sanchez}, E.~J. and {Sanchez}, L.~E. and {Sanchis-Gual}, N. and {Sanders}, J.~R. and {Santiago}, K.~A. and {Santos}, E. and {Sarin}, N. and {Sassolas}, B. and {Sauter}, O. and {Savage}, R.~L. and {Schale}, P. and {Scheel}, M. and {Scheuer}, J. and {Schmidt}, P. and {Schnabel}, R. and {Schofield}, R.~M.~S. and {Sch{\"o}nbeck}, A. and {Schreiber}, E. and {Schulte}, B.~W. and {Schutz}, B.~F. and {Scott}, J. and {Scott}, S.~M. and {Seidel}, E. and {Sellers}, D. and {Sengupta}, A.~S. and {Sennett}, N. and {Sentenac}, D. and {Sequino}, V. and {Sergeev}, A. and {Setyawati}, Y. and {Shaddock}, D.~A. and {Shaffer}, T. and {Shahriar}, M.~S. and {Shaner}, M.~B. and {Sharma}, A. and {Sharma}, P. and {Shawhan}, P. and {Shen}, H. and {Shink}, R. and {Shoemaker}, D.~H. and {Shoemaker}, D.~M. and {Shukla}, K. and {ShyamSundar}, S. and {Siellez}, K. and {Sieniawska}, M. and {Sigg}, D. and {Singer}, L.~P. and {Singh}, D. and {Singh}, N. and {Singhal}, A. and {Sintes}, A.~M. and {Sitmukhambetov}, S. and {Skliris}, V. and {Slagmolen}, B.~J.~J. and {Slaven-Blair}, T.~J. and {Smith}, J.~R. and {Smith}, R.~J.~E. and {Somala}, S. and {Son}, E.~J. and {Soni}, S. and {Sorazu}, B. and {Sorrentino}, F. and {Souradeep}, T. and {Sowell}, E. and {Spencer}, A.~P. and {Spera}, M. and {Srivastava}, A.~K. and {Srivastava}, V. and {Staats}, K. and {Stachie}, C. and {Standke}, M. and {Steer}, D.~A. and {Steinke}, M. and {Steinlechner}, J. and {Steinlechner}, S. and {Steinmeyer}, D. and {Stevenson}, S.~P. and {Stocks}, D. and {Stone}, R. and {Stops}, D.~J. and {Strain}, K.~A. and {Stratta}, G. and {Strigin}, S.~E. and {Strunk}, A. and {Sturani}, R. and {Stuver}, A.~L. and {Sudhir}, V. and {Summerscales}, T.~Z. and {Sun}, L. and {Sunil}, S. and {Sur}, A. and {Suresh}, J. and {Sutton}, P.~J. and {Swinkels}, B.~L. and {Szczepa{\'n}czyk}, M.~J. and {Tacca}, M. and {Tait}, S.~C. and {Talbot}, C. and {Tanner}, D.~B. and {Tao}, D. and {T{\'a}pai}, M. and {Tapia}, A. and {Tasson}, J.~D. and {Taylor}, R. and {Tenorio}, R. and {Terkowski}, L. and {Thomas}, M. and {Thomas}, P. and {Thondapu}, S.~R. and {Thorne}, K.~A. and {Thrane}, E. and {Tiwari}, Shubhanshu and {Tiwari}, Srishti and {Tiwari}, V. and {Toland}, K. and {Tonelli}, M. and {Tornasi}, Z. and {Torres-Forn{\'e}}, A. and {Torrie}, C.~I. and {T{\"o}yr{\"a}}, D. and {Travasso}, F. and {Traylor}, G. and {Tringali}, M.~C. and {Tripathee}, A. and {Trovato}, A. and {Trozzo}, L. and {Tsang}, K.~W. and {Tse}, M. and {Tso}, R. and {Tsukada}, L. and {Tsuna}, D. and {Tsutsui}, T. and {Tuyenbayev}, D. and {Ueno}, K. and {Ugolini}, D. and {Unnikrishnan}, C.~S. and {Urban}, A.~L. and {Usman}, S.~A. and {Vahlbruch}, H. and {Vajente}, G. and {Valdes}, G. and {Valentini}, M. and {van Bakel}, N. and {van Beuzekom}, M. and {van den Brand}, J.~F.~J. and {Van Den Broeck}, C. and {Vander-Hyde}, D.~C. and {van der Schaaf}, L. and {VanHeijningen}, J.~V. and {van Veggel}, A.~A. and {Vardaro}, M. and {Varma}, V. and {Vass}, S. and {Vas{\'u}th}, M. and {Vecchio}, A. and {Vedovato}, G. and {Veitch}, J. and {Veitch}, P.~J. and {Venkateswara}, K. and {Venugopalan}, G. and {Verkindt}, D. and {Vetrano}, F. and {Vicer{\'e}}, A. and {Viets}, A.~D. and {Vinciguerra}, S. and {Vine}, D.~J. and {Vinet}, J. -Y. and {Vitale}, S. and {Vo}, T. and {Vocca}, H. and {Vorvick}, C. and {Vyatchanin}, S.~P. and {Wade}, A.~R. and {Wade}, L.~E. and {Wade}, M. and {Walet}, R. and {Walker}, M. and {Wallace}, L. and {Walsh}, S. and {Wang}, H. and {Wang}, J.~Z. and {Wang}, S. and {Wang}, W.~H. and {Wang}, Y.~F. and {Ward}, R.~L. and {Warden}, Z.~A. and {Warner}, J. and {Was}, M. and {Watchi}, J. and {Weaver}, B. and {Wei}, L. -W. and {Weinert}, M. and {Weinstein}, A.~J. and {Weiss}, R. and {Wellmann}, F. and {Wen}, L. and {Wessel}, E.~K. and {We{\ss}els}, P. and {Westhouse}, J.~W. and {Wette}, K. and {Whelan}, J.~T. and {Whiting}, B.~F. and {Whittle}, C. and {Wilken}, D.~M. and {Williams}, D. and {Williamson}, A.~R. and {Willis}, J.~L. and {Willke}, B. and {Winkler}, W. and {Wipf}, C.~C. and {Wittel}, H. and {Woan}, G. and {Woehler}, J. and {Wofford}, J.~K. and {Wright}, J.~L. and {Wu}, D.~S. and {Wysocki}, D.~M. and {Xiao}, S. and {Xu}, R. and {Yamamoto}, H. and {Yancey}, C.~C. and {Yang}, L. and {Yang}, Y. and {Yang}, Z. and {Yap}, M.~J. and {Yazback}, M. and {Yeeles}, D.~W. and {Yu}, Hang and {Yu}, Haocun and {Yuen}, S.~H.~R. and {Zadro{\.Z}ny}, A.~K. and {Zadro{\.Z}ny}, A. and {Zanolin}, M. and {Zelenova}, T. and {Zendri}, J. -P. and {Zevin}, M. and {Zhang}, J. and {Zhang}, L. and {Zhang}, T. and {Zhao}, C. and {Zhao}, G. and {Zhou}, M. and {Zhou}, Z. and {Zhu}, X.~J. and {Zucker}, M.~E. and {Zweizig}, J. and {Holoien}, T.~W. -S. and {Kochanek}, C.~S. and {Prieto}, J.~L. and {Shappee}, B.~J. and {Stanek}, K.~Z. and {Haislip}, J. and {Kouprianov}, V. and {Reichart}, D.~E. and {Sand}, D.~J. and {Tartaglia}, L. and {Valenti}, S. and {Wyatt}, S. and {Yang}, S. and {Salemi}, F. and {LIGO Scientific Collaboration} and {Virgo Collaboration}},
        title = "{Optically targeted search for gravitational waves emitted by core-collapse supernovae during the first and second observing runs of advanced LIGO and advanced Virgo}",
      journal = {\prd},
     keywords = {Astrophysics - High Energy Astrophysical Phenomena, General Relativity and Quantum Cosmology},
         year = 2020,
        month = apr,
       volume = {101},
       number = {8},
          eid = {084002},
        pages = {084002},
          doi = {10.1103/PhysRevD.101.084002},
archivePrefix = {arXiv},
       eprint = {1908.03584},
 primaryClass = {astro-ph.HE},
       adsurl = {https://ui.adsabs.harvard.edu/abs/2020PhRvD.101h4002A},
      adsnote = {Provided by the SAO/NASA Astrophysics Data System}
}

@ARTICLE{mvb2020,
       author = {{Maggiore}, Michele and {Van Den Broeck}, Chris and {Bartolo}, Nicola and {Belgacem}, Enis and {Bertacca}, Daniele and {Bizouard}, Marie Anne and {Branchesi}, Marica and {Clesse}, Sebastien and {Foffa}, Stefano and {Garc{\'\i}a-Bellido}, Juan and {Grimm}, Stefan and {Harms}, Jan and {Hinderer}, Tanja and {Matarrese}, Sabino and {Palomba}, Cristiano and {Peloso}, Marco and {Ricciardone}, Angelo and {Sakellariadou}, Mairi},
        title = "{Science case for the Einstein telescope}",
      journal = {\jcap},
     keywords = {Astrophysics - Cosmology and Nongalactic Astrophysics, Astrophysics - High Energy Astrophysical Phenomena, General Relativity and Quantum Cosmology},
         year = 2020,
        month = mar,
       volume = {2020},
       number = {3},
          eid = {050},
        pages = {050},
          doi = {10.1088/1475-7516/2020/03/050},
archivePrefix = {arXiv},
       eprint = {1912.02622},
 primaryClass = {astro-ph.CO},
       adsurl = {https://ui.adsabs.harvard.edu/abs/2020JCAP...03..050M},
      adsnote = {Provided by the SAO/NASA Astrophysics Data System}
}

@ARTICLE{eaa2021,
       author = {{Evans}, Matthew and {Adhikari}, Rana X and {Afle}, Chaitanya and {Ballmer}, Stefan W. and {Biscoveanu}, Sylvia and {Borhanian}, Ssohrab and {Brown}, Duncan A. and {Chen}, Yanbei and {Eisenstein}, Robert and {Gruson}, Alexandra and {Gupta}, Anuradha and {Hall}, Evan D. and {Huxford}, Rachael and {Kamai}, Brittany and {Kashyap}, Rahul and {Kissel}, Jeff S. and {Kuns}, Kevin and {Landry}, Philippe and {Lenon}, Amber and {Lovelace}, Geoffrey and {McCuller}, Lee and {Ng}, Ken K.~Y. and {Nitz}, Alexander H. and {Read}, Jocelyn and {Sathyaprakash}, B.~S. and {Shoemaker}, David H. and {Slagmolen}, Bram J.~J. and {Smith}, Joshua R. and {Srivastava}, Varun and {Sun}, Ling and {Vitale}, Salvatore and {Weiss}, Rainer},
        title = "{A Horizon Study for Cosmic Explorer: Science, Observatories, and Community}",
      journal = {arXiv e-prints},
     keywords = {Astrophysics - Instrumentation and Methods for Astrophysics, Astrophysics - High Energy Astrophysical Phenomena, General Relativity and Quantum Cosmology},
         year = 2021,
        month = sep,
          eid = {arXiv:2109.09882},
        pages = {arXiv:2109.09882},
archivePrefix = {arXiv},
       eprint = {2109.09882},
 primaryClass = {astro-ph.IM},
       adsurl = {https://ui.adsabs.harvard.edu/abs/2021arXiv210909882E},
      adsnote = {Provided by the SAO/NASA Astrophysics Data System}
}

@article{s2014,
	doi = {10.1088/1674-4527/14/6/008},
	url = {https://doi.org/10.1088/1674-4527/14/6/008},
	year = 2014,
	month = {may},
	publisher = {{IOP} Publishing},
	volume = {14},
	number = {6},
	pages = {693--704},
	author = {Sandeep Sahijpal},
	title = {Contributions of type {II} and Ib/c supernovae to Galactic chemical evolution},
	journal = {Research in Astronomy and Astrophysics},
	abstract = {Type II and Ib/c supernovae (SNe II and Ib/c) have made major stellar nucleosynthetic contributions to the inventories of stable nuclides during chemical evolution of the Galaxy. A case study is performed here with the help of recently developed numerical simulations of Galactic chemical evolution in the solar neighborhood to understand the contributions of SNe II and Ib/c by comparing the stellar nucleosynthetic yields obtained by two leading groups in this field. These stellar nucleosynthetic yields differ in terms of their treatment of stellar evolution and nucleosynthesis. The formulation describing Galactic chemical evolution is developed with the recently revised solar metallicity of ∼0.014. Furthermore, the recent nucleosynthetic yields of stellar models based on the revised solar metallicity are also used. The analysis suggests that it could be difficult to explain, in a self-consistent manner, the various features associated with the elemental evolutionary trends over Galactic timescales by any single adopted stellar nucleosynthetic model that incorporates SNe II and Ib/c.}
}

@ARTICLE{l2007,
       author = {{Laming}, J. Martin},
        title = "{Analytic Approach to the Stability of Standing Accretion Shocks: Application to Core-Collapse Supernovae}",
      journal = {\apj},
     keywords = {Hydrodynamics, Instabilities, Shock Waves, Stars: Supernovae: General, Astrophysics},
         year = 2007,
        month = apr,
       volume = {659},
       number = {2},
        pages = {1449-1457},
          doi = {10.1086/512534},
archivePrefix = {arXiv},
       eprint = {astro-ph/0701264},
 primaryClass = {astro-ph},
       adsurl = {https://ui.adsabs.harvard.edu/abs/2007ApJ...659.1449L},
      adsnote = {Provided by the SAO/NASA Astrophysics Data System}
}
@ARTICLE{l2008,
       author = {{Laming}, J. Martin},
        title = "{Erratum: ``Analytic Approach to the Stability of Standing Accretion Shocks: Application to Core-Collapse Supernovae'' (ApJ, 659, 1449 [2007])}",
      journal = {\apj},
         year = 2008,
        month = nov,
       volume = {687},
       number = {2},
        pages = {1461-1463},
          doi = {10.1086/592088},
       adsurl = {https://ui.adsabs.harvard.edu/abs/2008ApJ...687.1461L},
      adsnote = {Provided by the SAO/NASA Astrophysics Data System}
}

@ARTICLE{dnf2005,
       author = {{Dimmelmeier}, Harald and {Novak}, J{\'e}r{\^o}me and {Font}, Jos{\'e} A. and {Ib{\'a}{\~n}ez}, Jos{\'e} M. and {M{\"u}ller}, Ewald},
        title = "{Combining spectral and shock-capturing methods: A new numerical approach for 3D relativistic core collapse simulations}",
      journal = {\prd},
     keywords = {04.25.Dm, 02.70.Bf, 04.30.Db, 97.60.Bw, Numerical relativity, Finite-difference methods, Wave generation and sources, Supernovae, Astrophysics, General Relativity and Quantum Cosmology},
         year = 2005,
        month = mar,
       volume = {71},
       number = {6},
          eid = {064023},
        pages = {064023},
          doi = {10.1103/PhysRevD.71.064023},
archivePrefix = {arXiv},
       eprint = {astro-ph/0407174},
 primaryClass = {astro-ph},
       adsurl = {https://ui.adsabs.harvard.edu/abs/2005PhRvD..71f4023D},
      adsnote = {Provided by the SAO/NASA Astrophysics Data System}
}

@ARTICLE{mjb2015,
       author = {{Melson}, Tobias and {Janka}, Hans-Thomas and {Bollig}, Robert and {Hanke}, Florian and {Marek}, Andreas and {M{\"u}ller}, Bernhard},
        title = "{Neutrino-driven Explosion of a 20 Solar-mass Star in Three Dimensions Enabled by Strange-quark Contributions to Neutrino-Nucleon Scattering}",
      journal = {\apjl},
     keywords = {hydrodynamics, instabilities, neutrinos, supernovae: general, Astrophysics - Solar and Stellar Astrophysics, High Energy Physics - Phenomenology, Nuclear Theory},
         year = 2015,
        month = aug,
       volume = {808},
       number = {2},
          eid = {L42},
        pages = {L42},
          doi = {10.1088/2041-8205/808/2/L42},
archivePrefix = {arXiv},
       eprint = {1504.07631},
 primaryClass = {astro-ph.SR},
       adsurl = {https://ui.adsabs.harvard.edu/abs/2015ApJ...808L..42M},
      adsnote = {Provided by the SAO/NASA Astrophysics Data System}
}

@ARTICLE{mml2020,
       author = {{Mezzacappa}, Anthony and {Marronetti}, Pedro and {Landfield}, Ryan E. and {Lentz}, Eric J. and {Yakunin}, Konstantin N. and {Bruenn}, Stephen W. and {Hix}, W. Raphael and {Messer}, O.~E. Bronson and {Endeve}, Eirik and {Blondin}, John M. and {Harris}, J. Austin},
        title = "{Gravitational-wave signal of a core-collapse supernova explosion of a 15 M$_{{\ensuremath{\odot}}}$ star}",
      journal = {\prd},
     keywords = {Astrophysics - High Energy Astrophysical Phenomena, General Relativity and Quantum Cosmology},
         year = 2020,
        month = jul,
       volume = {102},
       number = {2},
          eid = {023027},
        pages = {023027},
          doi = {10.1103/PhysRevD.102.023027},
archivePrefix = {arXiv},
       eprint = {2007.15099},
 primaryClass = {astro-ph.HE},
       adsurl = {https://ui.adsabs.harvard.edu/abs/2020PhRvD.102b3027M},
      adsnote = {Provided by the SAO/NASA Astrophysics Data System}
}

@ARTICLE{kkt2018,
       author = {{Kuroda}, Takami and {Kotake}, Kei and {Takiwaki}, Tomoya and {Thielemann}, Friedrich-Karl},
        title = "{A full general relativistic neutrino radiation-hydrodynamics simulation of a collapsing very massive star and the formation of a black hole}",
      journal = {\mnras},
     keywords = {supernovae: general, hydrodynamics, neutrinos, gravitational waves, Astrophysics - High Energy Astrophysical Phenomena},
         year = 2018,
        month = jun,
       volume = {477},
       number = {1},
        pages = {L80-L84},
          doi = {10.1093/mnrasl/sly059},
archivePrefix = {arXiv},
       eprint = {1801.01293},
 primaryClass = {astro-ph.HE},
       adsurl = {https://ui.adsabs.harvard.edu/abs/2018MNRAS.477L..80K},
      adsnote = {Provided by the SAO/NASA Astrophysics Data System}
}

@ARTICLE{pmh2021,
       author = {{Powell}, Jade and {M{\"u}ller}, Bernhard and {Heger}, Alexander},
        title = "{The final core collapse of pulsational pair instability supernovae}",
      journal = {\mnras},
     keywords = {gravitational waves, transients: supernovae, Astrophysics - High Energy Astrophysical Phenomena},
         year = 2021,
        month = may,
       volume = {503},
       number = {2},
        pages = {2108-2122},
          doi = {10.1093/mnras/stab614},
archivePrefix = {arXiv},
       eprint = {2101.06889},
 primaryClass = {astro-ph.HE},
       adsurl = {https://ui.adsabs.harvard.edu/abs/2021MNRAS.503.2108P},
      adsnote = {Provided by the SAO/NASA Astrophysics Data System}
}
@ARTICLE{f2010,
       author = {{Fern{\'a}ndez}, Rodrigo},
        title = "{The Spiral Modes of the Standing Accretion Shock Instability}",
      journal = {\apj},
     keywords = {hydrodynamics, instabilities, pulsars: general, shock waves, stars: rotation, supernovae: general, Astrophysics - Solar and Stellar Astrophysics, Astrophysics - High Energy Astrophysical Phenomena},
         year = 2010,
        month = dec,
       volume = {725},
       number = {2},
        pages = {1563-1580},
          doi = {10.1088/0004-637X/725/2/1563},
archivePrefix = {arXiv},
       eprint = {1003.1730},
 primaryClass = {astro-ph.SR},
       adsurl = {https://ui.adsabs.harvard.edu/abs/2010ApJ...725.1563F},
      adsnote = {Provided by the SAO/NASA Astrophysics Data System}
}

@ARTICLE{fmf2014,
       author = {{Fern{\'a}ndez}, Rodrigo and {M{\"u}ller}, Bernhard and {Foglizzo}, Thierry and {Janka}, Hans-Thomas},
        title = "{Characterizing SASI- and convection-dominated core-collapse supernova explosions in two dimensions}",
      journal = {\mnras},
     keywords = {hydrodynamics, instabilities, neutrinos, nuclear reactions, nucleosynthesis, abundances, shock waves, supernovae: general, Astrophysics - Solar and Stellar Astrophysics, Astrophysics - High Energy Astrophysical Phenomena, General Relativity and Quantum Cosmology, Nuclear Theory},
         year = 2014,
        month = may,
       volume = {440},
       number = {3},
        pages = {2763-2780},
          doi = {10.1093/mnras/stu408},
archivePrefix = {arXiv},
       eprint = {1310.0469},
 primaryClass = {astro-ph.SR},
       adsurl = {https://ui.adsabs.harvard.edu/abs/2014MNRAS.440.2763F},
      adsnote = {Provided by the SAO/NASA Astrophysics Data System}
}

@ARTICLE{f2015,
       author = {{Fern{\'a}ndez}, Rodrigo},
        title = "{Three-dimensional simulations of SASI- and convection-dominated core-collapse supernovae}",
      journal = {\mnras},
     keywords = {hydrodynamics, instabilities, neutrinos, nuclear reactions, nucleosynthesis, abundances, shock waves, supernovae: general, Astrophysics - High Energy Astrophysical Phenomena, Astrophysics - Solar and Stellar Astrophysics, Nuclear Theory},
         year = 2015,
        month = sep,
       volume = {452},
       number = {2},
        pages = {2071-2086},
          doi = {10.1093/mnras/stv1463},
archivePrefix = {arXiv},
       eprint = {1504.07996},
 primaryClass = {astro-ph.HE},
       adsurl = {https://ui.adsabs.harvard.edu/abs/2015MNRAS.452.2071F},
      adsnote = {Provided by the SAO/NASA Astrophysics Data System}
}
@ARTICLE{iny2014,
       author = {{Iwakami}, Wakana and {Nagakura}, Hiroki and {Yamada}, Shoichi},
        title = "{Parametric Study of Flow Patterns behind the Standing Accretion Shock Wave for Core-Collapse Supernovae}",
      journal = {\apj},
     keywords = {hydrodynamics, instabilities, supernovae: general, Astrophysics - High Energy Astrophysical Phenomena},
         year = 2014,
        month = may,
       volume = {786},
       number = {2},
          eid = {118},
        pages = {118},
          doi = {10.1088/0004-637X/786/2/118},
archivePrefix = {arXiv},
       eprint = {1308.0829},
 primaryClass = {astro-ph.HE},
       adsurl = {https://ui.adsabs.harvard.edu/abs/2014ApJ...786..118I},
      adsnote = {Provided by the SAO/NASA Astrophysics Data System}
}
@ARTICLE{cb2015,
       author = {{Cardall}, Christian Y. and {Budiardja}, Reuben D.},
        title = "{Stochasticity and Efficiency in Simplified Models of Core-collapse Supernova Explosions}",
      journal = {\apjl},
     keywords = {hydrodynamics, instabilities, stars: evolution, supernovae: general, Astrophysics - High Energy Astrophysical Phenomena, Astrophysics - Solar and Stellar Astrophysics},
         year = 2015,
        month = nov,
       volume = {813},
       number = {1},
          eid = {L6},
        pages = {L6},
          doi = {10.1088/2041-8205/813/1/L6},
archivePrefix = {arXiv},
       eprint = {1509.02494},
 primaryClass = {astro-ph.HE},
       adsurl = {https://ui.adsabs.harvard.edu/abs/2015ApJ...813L...6C},
      adsnote = {Provided by the SAO/NASA Astrophysics Data System}
}
@ARTICLE{sjf2008,
       author = {{Scheck}, L. and {Janka}, H. -Th. and {Foglizzo}, T. and {Kifonidis}, K.},
        title = "{Multidimensional supernova simulations with approximative neutrino transport. II. Convection and the advective-acoustic cycle in the supernova core}",
      journal = {\aap},
     keywords = {hydrodynamics, instabilities, shock waves, neutrinos, stars: supernovae: general, Astrophysics},
         year = 2008,
        month = jan,
       volume = {477},
       number = {3},
        pages = {931-952},
          doi = {10.1051/0004-6361:20077701},
archivePrefix = {arXiv},
       eprint = {0704.3001},
 primaryClass = {astro-ph},
       adsurl = {https://ui.adsabs.harvard.edu/abs/2008A&A...477..931S},
      adsnote = {Provided by the SAO/NASA Astrophysics Data System}
}
@ARTICLE{koy2007,
       author = {{Kotake}, Kei and {Ohnishi}, Naofumi and {Yamada}, Shoichi},
        title = "{Gravitational Radiation from Standing Accretion Shock Instability in Core-Collapse Supernovae}",
      journal = {\apj},
     keywords = {Hydrodynamics, Instabilities, Neutrinos, Stars: Supernovae: General, Astrophysics},
         year = 2007,
        month = jan,
       volume = {655},
       number = {1},
        pages = {406-415},
          doi = {10.1086/509320},
archivePrefix = {arXiv},
       eprint = {astro-ph/0607224},
 primaryClass = {astro-ph},
       adsurl = {https://ui.adsabs.harvard.edu/abs/2007ApJ...655..406K},
      adsnote = {Provided by the SAO/NASA Astrophysics Data System}
}
@ARTICLE{f2009,
       author = {{Foglizzo}, T.},
        title = "{A Simple Toy Model of the Advective-Acoustic Instability. I. Perturbative Approach}",
      journal = {\apj},
     keywords = {accretion, accretion disks, hydrodynamics, instabilities, shock waves, supernovae: general, waves, Astrophysics},
         year = 2009,
        month = apr,
       volume = {694},
       number = {2},
        pages = {820-832},
          doi = {10.1088/0004-637X/694/2/820},
archivePrefix = {arXiv},
       eprint = {0809.2302},
 primaryClass = {astro-ph},
       adsurl = {https://ui.adsabs.harvard.edu/abs/2009ApJ...694..820F},
      adsnote = {Provided by the SAO/NASA Astrophysics Data System}
}
@ARTICLE{tks2012,
       author = {{Takiwaki}, Tomoya and {Kotake}, Kei and {Suwa}, Yudai},
        title = "{Three-dimensional Hydrodynamic Core-collapse Supernova Simulations for an 11.2 M$_{{\ensuremath{\odot}}}$ Star with Spectral Neutrino Transport}",
      journal = {\apj},
     keywords = {hydrodynamics, neutrinos, supernovae: general, Astrophysics - High Energy Astrophysical Phenomena},
         year = 2012,
        month = apr,
       volume = {749},
       number = {2},
          eid = {98},
        pages = {98},
          doi = {10.1088/0004-637X/749/2/98},
archivePrefix = {arXiv},
       eprint = {1108.3989},
 primaryClass = {astro-ph.HE},
       adsurl = {https://ui.adsabs.harvard.edu/abs/2012ApJ...749...98T},
      adsnote = {Provided by the SAO/NASA Astrophysics Data System}
}
@ARTICLE{bdm2012,
       author = {{Burrows}, Adam and {Dolence}, Joshua C. and {Murphy}, Jeremiah W.},
        title = "{An Investigation into the Character of Pre-explosion Core-collapse Supernova Shock Motion}",
      journal = {\apj},
     keywords = {hydrodynamics, neutrinos, stars: interiors, supernovae: general, Astrophysics - Solar and Stellar Astrophysics},
         year = 2012,
        month = nov,
       volume = {759},
       number = {1},
          eid = {5},
        pages = {5},
          doi = {10.1088/0004-637X/759/1/5},
archivePrefix = {arXiv},
       eprint = {1204.3088},
 primaryClass = {astro-ph.SR},
       adsurl = {https://ui.adsabs.harvard.edu/abs/2012ApJ...759....5B},
      adsnote = {Provided by the SAO/NASA Astrophysics Data System}
}
@ARTICLE{kio2009,
       author = {{Kotake}, Kei and {Iwakami}, Wakana and {Ohnishi}, Naofumi and {Yamada}, Shoichi},
        title = "{Stochastic Nature of Gravitational Waves from Supernova Explosions with Standing Accretion Shock Instability}",
      journal = {\apjl},
     keywords = {gravitational waves, hydrodynamics, instabilities, neutrinos, supernovae: general, Astrophysics - High Energy Astrophysical Phenomena},
         year = 2009,
        month = jun,
       volume = {697},
       number = {2},
        pages = {L133-L136},
          doi = {10.1088/0004-637X/697/2/L133},
archivePrefix = {arXiv},
       eprint = {0904.4300},
 primaryClass = {astro-ph.HE},
       adsurl = {https://ui.adsabs.harvard.edu/abs/2009ApJ...697L.133K},
      adsnote = {Provided by the SAO/NASA Astrophysics Data System}
}
@ARTICLE{sff2009,
       author = {{Sato}, Jun'ichi and {Foglizzo}, Thierry and {Fromang}, S{\'e}bastien},
        title = "{A Simple Toy Model of the Advective-Acoustic Instability. II. Numerical Simulations}",
      journal = {\apj},
     keywords = {hydrodynamics, instabilities, shock waves, supernovae: general, Astrophysics},
         year = 2009,
        month = apr,
       volume = {694},
       number = {2},
        pages = {833-841},
          doi = {10.1088/0004-637X/694/2/833},
archivePrefix = {arXiv},
       eprint = {0809.2303},
 primaryClass = {astro-ph},
       adsurl = {https://ui.adsabs.harvard.edu/abs/2009ApJ...694..833S},
      adsnote = {Provided by the SAO/NASA Astrophysics Data System}
}
@ARTICLE{ecb2010,
       author = {{Endeve}, Eirik and {Cardall}, Christian Y. and {Budiardja}, Reuben D. and {Mezzacappa}, Anthony},
        title = "{Generation of Magnetic Fields By the Stationary Accretion Shock Instability}",
      journal = {\apj},
     keywords = {magnetohydrodynamics: MHD, methods: numerical, stars: magnetic field, supernovae: general, Astrophysics},
         year = 2010,
        month = apr,
       volume = {713},
       number = {2},
        pages = {1219-1243},
          doi = {10.1088/0004-637X/713/2/1219},
archivePrefix = {arXiv},
       eprint = {0811.3385},
 primaryClass = {astro-ph},
       adsurl = {https://ui.adsabs.harvard.edu/abs/2010ApJ...713.1219E},
      adsnote = {Provided by the SAO/NASA Astrophysics Data System}
}
@ARTICLE{mjm2012,
       author = {{M{\"u}ller}, Bernhard and {Janka}, Hans-Thomas and {Marek}, Andreas},
        title = "{A New Multi-dimensional General Relativistic Neutrino Hydrodynamics Code for Core-collapse Supernovae. II. Relativistic Explosion Models of Core-collapse Supernovae}",
      journal = {\apj},
     keywords = {gravitation, hydrodynamics, neutrinos, supernovae: general, radiative transfer, Astrophysics - Solar and Stellar Astrophysics},
         year = 2012,
        month = sep,
       volume = {756},
       number = {1},
          eid = {84},
        pages = {84},
          doi = {10.1088/0004-637X/756/1/84},
archivePrefix = {arXiv},
       eprint = {1202.0815},
 primaryClass = {astro-ph.SR},
       adsurl = {https://ui.adsabs.harvard.edu/abs/2012ApJ...756...84M},
      adsnote = {Provided by the SAO/NASA Astrophysics Data System}
}
@ARTICLE{ecb2012,
       author = {{Endeve}, Eirik and {Cardall}, Christian Y. and {Budiardja}, Reuben D. and {Beck}, Samuel W. and {Bejnood}, Alborz and {Toedte}, Ross J. and {Mezzacappa}, Anthony and {Blondin}, John M.},
        title = "{Turbulent Magnetic Field Amplification from Spiral SASI Modes: Implications for Core-collapse Supernovae and Proto-neutron Star Magnetization}",
      journal = {\apj},
     keywords = {magnetohydrodynamics: MHD, methods: numerical, stars: magnetic field, supernovae: general, turbulence, Astrophysics - Solar and Stellar Astrophysics},
         year = 2012,
        month = may,
       volume = {751},
       number = {1},
          eid = {26},
        pages = {26},
          doi = {10.1088/0004-637X/751/1/26},
archivePrefix = {arXiv},
       eprint = {1203.3108},
 primaryClass = {astro-ph.SR},
       adsurl = {https://ui.adsabs.harvard.edu/abs/2012ApJ...751...26E},
      adsnote = {Provided by the SAO/NASA Astrophysics Data System}
}
@ARTICLE{hbh1994,
       author = {{Herant}, Marc and {Benz}, Willy and {Hix}, W. Raphael and {Fryer}, Chris L. and {Colgate}, Stirling A.},
        title = "{Inside the Supernova: A Powerful Convective Engine}",
      journal = {\apj},
     keywords = {Carnot Cycle, Convective Heat Transfer, Flow Stability, Hydrodynamics, Massive Stars, Stellar Evolution, Stellar Models, Supernovae, Mathematical Models, Neutron Stars, Stellar Envelopes, Stellar Interiors, Astrophysics, HYDRODYNAMICS, STARS: INTERIORS, STARS: NEUTRON, STARS: SUPERNOVAE: GENERAL, Astrophysics},
         year = 1994,
        month = nov,
       volume = {435},
        pages = {339},
          doi = {10.1086/174817},
archivePrefix = {arXiv},
       eprint = {astro-ph/9404024},
 primaryClass = {astro-ph},
       adsurl = {https://ui.adsabs.harvard.edu/abs/1994ApJ...435..339H},
      adsnote = {Provided by the SAO/NASA Astrophysics Data System}
}
@ARTICLE{wzl2021,
       author = {{Wu}, Rui-Qing and {Zhu}, Chun-Hua and {L{\"u}}, Guo-Liang and {Wang}, Zhao-Jun and {Liu}, He-Lei},
        title = "{Heavy element contributions of rotating massive stars to interstellar medium}",
      journal = {Research in Astronomy and Astrophysics},
     keywords = {Stars: massive-rotation, ISM: abundances, Astrophysics - Astrophysics of Galaxies},
         year = 2021,
        month = jun,
       volume = {21},
       number = {5},
          eid = {129},
        pages = {129},
          doi = {10.1088/1674-4527/21/5/129},
archivePrefix = {arXiv},
       eprint = {2102.01352},
 primaryClass = {astro-ph.GA},
       adsurl = {https://ui.adsabs.harvard.edu/abs/2021RAA....21..129W},
      adsnote = {Provided by the SAO/NASA Astrophysics Data System}
}
@ARTICLE{lqc2021,
       author = {{Liu}, Tong and {Qi}, Yan-Qing and {Cai}, Zhen-Yi and {Sun}, Mouyuan and {Qu}, Hui-Min and {Song}, Cui-Ying},
        title = "{Neutrino-dominated Accretion Flows: A Second Nucleosynthesis Factory in Core-collapse Supernovae and Regulating the Iron Markets in Galaxies}",
      journal = {\apj},
     keywords = {Accretion, black hole physics, Galaxy chemical evolution, Nucleosynthesis, Supernovae, 14, 159, 580, 1131, 1668, Astrophysics - High Energy Astrophysical Phenomena},
         year = 2021,
        month = oct,
       volume = {920},
       number = {1},
          eid = {5},
        pages = {5},
          doi = {10.3847/1538-4357/ac1428},
archivePrefix = {arXiv},
       eprint = {2008.05087},
 primaryClass = {astro-ph.HE},
       adsurl = {https://ui.adsabs.harvard.edu/abs/2021ApJ...920....5L},
      adsnote = {Provided by the SAO/NASA Astrophysics Data System}
}
@ARTICLE{bdm2001,
       author = {{Bruenn}, S.~W. and {De Nisco}, K.~R. and {Mezzacappa}, A.},
        title = "{General Relativistic Effects in the Core Collapse Supernova Mechanism}",
      journal = {\apj},
     keywords = {Hydrodynamics, Neutrinos, Relativity, Stars: Supernovae: General, Astrophysics},
         year = 2001,
        month = oct,
       volume = {560},
       number = {1},
        pages = {326-338},
          doi = {10.1086/322319},
archivePrefix = {arXiv},
       eprint = {astro-ph/0101400},
 primaryClass = {astro-ph},
       adsurl = {https://ui.adsabs.harvard.edu/abs/2001ApJ...560..326B},
      adsnote = {Provided by the SAO/NASA Astrophysics Data System}
}
@ARTICLE{lmm2012,
       author = {{Lentz}, Eric J. and {Mezzacappa}, Anthony and {Messer}, O.~E. Bronson and {Liebend{\"o}rfer}, Matthias and {Hix}, W. Raphael and {Bruenn}, Stephen W.},
        title = "{On the Requirements for Realistic Modeling of Neutrino Transport in Simulations of Core-collapse Supernovae}",
      journal = {\apj},
     keywords = {methods: numerical, neutrinos, radiative transfer, supernovae: general, Astrophysics - Solar and Stellar Astrophysics},
         year = 2012,
        month = mar,
       volume = {747},
       number = {1},
          eid = {73},
        pages = {73},
          doi = {10.1088/0004-637X/747/1/73},
archivePrefix = {arXiv},
       eprint = {1112.3595},
 primaryClass = {astro-ph.SR},
       adsurl = {https://ui.adsabs.harvard.edu/abs/2012ApJ...747...73L},
      adsnote = {Provided by the SAO/NASA Astrophysics Data System}
}
@ARTICLE{lmm2012b,
       author = {{Lentz}, Eric J. and {Mezzacappa}, Anthony and {Messer}, O.~E. Bronson and {Hix}, W. Raphael and {Bruenn}, Stephen W.},
        title = "{Interplay of Neutrino Opacities in Core-collapse Supernova Simulations}",
      journal = {\apj},
     keywords = {neutrinos, radiative transfer, supernovae: general, Astrophysics - Solar and Stellar Astrophysics},
         year = 2012,
        month = nov,
       volume = {760},
       number = {1},
          eid = {94},
        pages = {94},
          doi = {10.1088/0004-637X/760/1/94},
archivePrefix = {arXiv},
       eprint = {1206.1086},
 primaryClass = {astro-ph.SR},
       adsurl = {https://ui.adsabs.harvard.edu/abs/2012ApJ...760...94L},
      adsnote = {Provided by the SAO/NASA Astrophysics Data System}
}
@ARTICLE{rmb2019,
       author = {{Radice}, David and {Morozova}, Viktoriya and {Burrows}, Adam and {Vartanyan}, David and {Nagakura}, Hiroki},
        title = "{Characterizing the Gravitational Wave Signal from Core-collapse Supernovae}",
      journal = {\apjl},
     keywords = {gravitational waves, supernovae: general, Astrophysics - High Energy Astrophysical Phenomena, General Relativity and Quantum Cosmology},
         year = 2019,
        month = may,
       volume = {876},
       number = {1},
          eid = {L9},
        pages = {L9},
          doi = {10.3847/2041-8213/ab191a},
archivePrefix = {arXiv},
       eprint = {1812.07703},
 primaryClass = {astro-ph.HE},
       adsurl = {https://ui.adsabs.harvard.edu/abs/2019ApJ...876L...9R},
      adsnote = {Provided by the SAO/NASA Astrophysics Data System}
}
@ARTICLE{amm2017,
       author = {{Andresen}, H. and {M{\"u}ller}, B. and {M{\"u}ller}, E. and {Janka}, H. -Th.},
        title = "{Gravitational wave signals from 3D neutrino hydrodynamics simulations of core-collapse supernovae}",
      journal = {\mnras},
     keywords = {gravitational waves, hydrodynamics, instabilities, supernovae: general, Astrophysics - High Energy Astrophysical Phenomena, Astrophysics - Solar and Stellar Astrophysics},
         year = 2017,
        month = jun,
       volume = {468},
       number = {2},
        pages = {2032-2051},
          doi = {10.1093/mnras/stx618},
archivePrefix = {arXiv},
       eprint = {1607.05199},
 primaryClass = {astro-ph.HE},
       adsurl = {https://ui.adsabs.harvard.edu/abs/2017MNRAS.468.2032A},
      adsnote = {Provided by the SAO/NASA Astrophysics Data System}
}
@ARTICLE{dom2008,
       author = {{Dimmelmeier}, Harald and {Ott}, Christian D. and {Marek}, Andreas and {Janka}, H. -Thomas},
        title = "{Gravitational wave burst signal from core collapse of rotating stars}",
      journal = {\prd},
     keywords = {04.25.D-, 02.70.Bf, 04.30.Db, 97.60.Bw, Numerical relativity, Finite-difference methods, Wave generation and sources, Supernovae, Astrophysics},
         year = 2008,
        month = sep,
       volume = {78},
       number = {6},
          eid = {064056},
        pages = {064056},
          doi = {10.1103/PhysRevD.78.064056},
archivePrefix = {arXiv},
       eprint = {0806.4953},
 primaryClass = {astro-ph},
       adsurl = {https://ui.adsabs.harvard.edu/abs/2008PhRvD..78f4056D},
      adsnote = {Provided by the SAO/NASA Astrophysics Data System}
}
@ARTICLE{rcg2022,
       author = {{Raynaud}, Rapha{\"e}l and {Cerd{\'a}-Dur{\'a}n}, Pablo and {Guilet}, J{\'e}r{\^o}me},
        title = "{Gravitational wave signature of proto-neutron star convection: I. MHD numerical simulations}",
      journal = {\mnras},
     keywords = {convection, gravitational waves, MHD, methods: numerical, stars: magnetars, supernova: general, Astrophysics - Solar and Stellar Astrophysics, Astrophysics - High Energy Astrophysical Phenomena},
         year = 2022,
        month = jan,
       volume = {509},
       number = {3},
        pages = {3410-3426},
          doi = {10.1093/mnras/stab3109},
archivePrefix = {arXiv},
       eprint = {2103.12445},
 primaryClass = {astro-ph.SR},
       adsurl = {https://ui.adsabs.harvard.edu/abs/2022MNRAS.509.3410R},
      adsnote = {Provided by the SAO/NASA Astrophysics Data System}
}
@ARTICLE{rj2000,
       author = {{Rampp}, Markus and {Janka}, H. -Thomas},
        title = "{Spherically Symmetric Simulation with Boltzmann Neutrino Transport of Core Collapse and Postbounce Evolution of a 15 M$_{solar}$ Star}",
      journal = {\apjl},
     keywords = {Elementary Particles, Hydrodynamics, Methods: Numerical, Stars: Supernovae: General, Astrophysics, High Energy Physics - Phenomenology},
         year = 2000,
        month = aug,
       volume = {539},
       number = {1},
        pages = {L33-L36},
          doi = {10.1086/312837},
archivePrefix = {arXiv},
       eprint = {astro-ph/0005438},
 primaryClass = {astro-ph},
       adsurl = {https://ui.adsabs.harvard.edu/abs/2000ApJ...539L..33R},
      adsnote = {Provided by the SAO/NASA Astrophysics Data System}
}
@ARTICLE{lmt2001,
       author = {{Liebend{\"o}rfer}, Matthias and {Mezzacappa}, Anthony and {Thielemann}, Friedrich-Karl and {Messer}, O.~E. and {Hix}, W. Raphael and {Bruenn}, Stephen W.},
        title = "{Probing the gravitational well: No supernova explosion in spherical symmetry with general relativistic Boltzmann neutrino transport}",
      journal = {\prd},
     keywords = {97.60.Bw, 26.50.+x, 47.75.+f, 95.30.Jx, Supernovae, Nuclear physics aspects of novae supernovae and other explosive environments, Relativistic fluid dynamics, Radiative transfer, scattering, Astrophysics},
         year = 2001,
        month = may,
       volume = {63},
       number = {10},
          eid = {103004},
        pages = {103004},
          doi = {10.1103/PhysRevD.63.103004},
archivePrefix = {arXiv},
       eprint = {astro-ph/0006418},
 primaryClass = {astro-ph},
       adsurl = {https://ui.adsabs.harvard.edu/abs/2001PhRvD..63j3004L},
      adsnote = {Provided by the SAO/NASA Astrophysics Data System}
}
@ARTICLE{tbp2003,
       author = {{Thompson}, Todd A. and {Burrows}, Adam and {Pinto}, Philip A.},
        title = "{Shock Breakout in Core-Collapse Supernovae and Its Neutrino Signature}",
      journal = {\apj},
     keywords = {Neutrinos, Radiative Transfer, Stars: Supernovae: General, Astrophysics},
         year = 2003,
        month = jul,
       volume = {592},
       number = {1},
        pages = {434-456},
          doi = {10.1086/375701},
archivePrefix = {arXiv},
       eprint = {astro-ph/0211194},
 primaryClass = {astro-ph},
       adsurl = {https://ui.adsabs.harvard.edu/abs/2003ApJ...592..434T},
      adsnote = {Provided by the SAO/NASA Astrophysics Data System}
}
@ARTICLE{kc2022,
       author = {{Kundu}, Suman Kumar and {Coughlin}, Eric R.},
        title = "{Spherically symmetric accretion on to a compact object through a standing shock: the effects of general relativity in the Schwarzschild geometry}",
      journal = {\mnras},
     keywords = {hydrodynamics, shock waves, methods: analytical, supernovae: general, Astrophysics - High Energy Astrophysical Phenomena},
         year = 2022,
        month = nov,
       volume = {516},
       number = {4},
        pages = {4814-4821},
          doi = {10.1093/mnras/stac2494},
archivePrefix = {arXiv},
       eprint = {2209.00023},
 primaryClass = {astro-ph.HE},
       adsurl = {https://ui.adsabs.harvard.edu/abs/2022MNRAS.516.4814K},
      adsnote = {Provided by the SAO/NASA Astrophysics Data System}
}
@INPROCEEDINGS{ebd2019,
       author = {{Endeve}, Eirik and {Buffaloe}, Jesse and {Dunham}, Samuel J. and {Roberts}, Nick and {Andrew}, Kristopher and {Barker}, Brandon and {Pochik}, David and {Pulsinelli}, Juliana and {Mezzacappa}, Anthony},
        title = "{thornado-hydro: towards discontinuous Galerkin methods for supernova hydrodynamics}",
    booktitle = {Journal of Physics Conference Series},
         year = 2019,
       series = {Journal of Physics Conference Series},
       volume = {1225},
        month = may,
          eid = {012014},
        pages = {012014},
          doi = {10.1088/1742-6596/1225/1/012014},
       adsurl = {https://ui.adsabs.harvard.edu/abs/2019JPhCS1225a2014E},
      adsnote = {Provided by the SAO/NASA Astrophysics Data System}
}
@INPROCEEDINGS{dem2020,
       author = {{Dunham}, Samuel J. and {Endeve}, E. and {Mezzacappa}, A. and {Buffaloe}, J. and {Holley-Bockelmann}, K.},
        title = "{A discontinuous Galerkin method for general relativistic hydrodynamics in thornado}",
     keywords = {Astrophysics - High Energy Astrophysical Phenomena, Physics - Computational Physics},
    booktitle = {Journal of Physics Conference Series},
         year = 2020,
       series = {Journal of Physics Conference Series},
       volume = {1623},
        month = sep,
          eid = {012012},
        pages = {012012},
          doi = {10.1088/1742-6596/1623/1/012012},
archivePrefix = {arXiv},
       eprint = {2009.13025},
 primaryClass = {astro-ph.HE},
       adsurl = {https://ui.adsabs.harvard.edu/abs/2020JPhCS1623a2012D},
      adsnote = {Provided by the SAO/NASA Astrophysics Data System}
}
@ARTICLE{rao2018,
       author = {{Radice}, David and {Abdikamalov}, Ernazar and {Ott}, Christian D. and {M{\"o}sta}, Philipp and {Couch}, Sean M. and {Roberts}, Luke F.},
        title = "{Turbulence in core-collapse supernovae}",
      journal = {Journal of Physics G Nuclear Physics},
     keywords = {Astrophysics - High Energy Astrophysical Phenomena},
         year = 2018,
        month = may,
       volume = {45},
       number = {5},
        pages = {053003},
          doi = {10.1088/1361-6471/aab872},
archivePrefix = {arXiv},
       eprint = {1710.01282},
 primaryClass = {astro-ph.HE},
       adsurl = {https://ui.adsabs.harvard.edu/abs/2018JPhG...45e3003R},
      adsnote = {Provided by the SAO/NASA Astrophysics Data System}
}
@ARTICLE{wft2023,
       author = {{Walk}, Laurie and {Foglizzo}, Thierry and {Tamborra}, Irene},
        title = "{Standing accretion shock instability in the collapse of a rotating stellar core}",
      journal = {\prd},
     keywords = {Astrophysics - High Energy Astrophysical Phenomena, Astrophysics - Solar and Stellar Astrophysics},
         year = 2023,
        month = mar,
       volume = {107},
       number = {6},
          eid = {063014},
        pages = {063014},
          doi = {10.1103/PhysRevD.107.063014},
archivePrefix = {arXiv},
       eprint = {2212.07467},
 primaryClass = {astro-ph.HE},
       adsurl = {https://ui.adsabs.harvard.edu/abs/2023PhRvD.107f3014W},
      adsnote = {Provided by the SAO/NASA Astrophysics Data System}
}
@ARTICLE{fs2017,
       author = {{Fu}, Guosheng and {Shu}, Chi-Wang},
        title = "{A new troubled-cell indicator for discontinuous Galerkin methods for hyperbolic conservation laws}",
      journal = {Journal of Computational Physics},
     keywords = {Discontinuous Galerkin method, Limiters, Troubled-cell indicator, High order accuracy},
         year = 2017,
        month = oct,
       volume = {347},
        pages = {305-327},
          doi = {10.1016/j.jcp.2017.06.046},
       adsurl = {https://ui.adsabs.harvard.edu/abs/2017JCoPh.347..305F},
      adsnote = {Provided by the SAO/NASA Astrophysics Data System}
}
@ARTICLE{mml2023,
       author = {{Mezzacappa}, Anthony and {Marronetti}, Pedro and {Landfield}, Ryan E. and {Lentz}, Eric J. and {Murphy}, R. Daniel and {Hix}, W. Raphael and {Harris}, J. Austin and {Bruenn}, Stephen W. and {Blondin}, John M. and {Bronson Messer}, O.~E. and {Casanova}, Jordi and {Kronzer}, Luke L.},
        title = "{Core collapse supernova gravitational wave emission for progenitors of 9.6, 15, and 25 M$_{{\ensuremath{\odot}}}$}",
      journal = {\prd},
     keywords = {Astrophysics - Solar and Stellar Astrophysics, Astrophysics - High Energy Astrophysical Phenomena, General Relativity and Quantum Cosmology},
         year = 2023,
        month = feb,
       volume = {107},
       number = {4},
          eid = {043008},
        pages = {043008},
          doi = {10.1103/PhysRevD.107.043008},
archivePrefix = {arXiv},
       eprint = {2208.10643},
 primaryClass = {astro-ph.SR},
       adsurl = {https://ui.adsabs.harvard.edu/abs/2023PhRvD.107d3008M},
      adsnote = {Provided by the SAO/NASA Astrophysics Data System}
}
@ARTICLE{bbh2020,
       author = {{Bruenn}, Stephen W. and {Blondin}, John M. and {Hix}, W. Raphael and {Lentz}, Eric J. and {Messer}, O.~E. Bronson and {Mezzacappa}, Anthony and {Endeve}, Eirik and {Harris}, J. Austin and {Marronetti}, Pedro and {Budiardja}, Reuben D. and {Chertkow}, Merek A. and {Lee}, Ching-Tsai},
        title = "{CHIMERA: A Massively Parallel Code for Core-collapse Supernova Simulations}",
      journal = {\apjs},
     keywords = {Core-collapse supernovae, Computational methods, Reaction rates, Radiative transfer simulations, Supernova neutrinos, Hydrodynamical simulations, Nucleosynthesis, 304, 1965, 2081, 1967, 1666, 767, 1131, Astrophysics - Instrumentation and Methods for Astrophysics, Astrophysics - High Energy Astrophysical Phenomena, Astrophysics - Solar and Stellar Astrophysics},
         year = 2020,
        month = may,
       volume = {248},
       number = {1},
          eid = {11},
        pages = {11},
          doi = {10.3847/1538-4365/ab7aff},
archivePrefix = {arXiv},
       eprint = {1809.05608},
 primaryClass = {astro-ph.IM},
       adsurl = {https://ui.adsabs.harvard.edu/abs/2020ApJS..248...11B},
      adsnote = {Provided by the SAO/NASA Astrophysics Data System}
}
@ARTICLE{sdb2019,
       author = {{Skinner}, M. Aaron and {Dolence}, Joshua C. and {Burrows}, Adam and {Radice}, David and {Vartanyan}, David},
        title = "{FORNAX: A Flexible Code for Multiphysics Astrophysical Simulations}",
      journal = {\apjs},
     keywords = {methods: numerical, Astrophysics - Instrumentation and Methods for Astrophysics, Astrophysics - High Energy Astrophysical Phenomena, Astrophysics - Solar and Stellar Astrophysics, Physics - Computational Physics},
         year = 2019,
        month = mar,
       volume = {241},
       number = {1},
          eid = {7},
        pages = {7},
          doi = {10.3847/1538-4365/ab007f},
archivePrefix = {arXiv},
       eprint = {1806.07390},
 primaryClass = {astro-ph.IM},
       adsurl = {https://ui.adsabs.harvard.edu/abs/2019ApJS..241....7S},
      adsnote = {Provided by the SAO/NASA Astrophysics Data System}
}
@ARTICLE{ktf2018,
       author = {{Kotake}, Kei and {Takiwaki}, Tomoya and {Fischer}, Tobias and {Nakamura}, Ko and {Mart{\'\i}nez-Pinedo}, Gabriel},
        title = "{Impact of Neutrino Opacities on Core-collapse Supernova Simulations}",
      journal = {\apj},
     keywords = {hydrodynamics, neutrinos, supernovae: general, Astrophysics - High Energy Astrophysical Phenomena},
         year = 2018,
        month = feb,
       volume = {853},
       number = {2},
          eid = {170},
        pages = {170},
          doi = {10.3847/1538-4357/aaa716},
archivePrefix = {arXiv},
       eprint = {1801.02703},
 primaryClass = {astro-ph.HE},
       adsurl = {https://ui.adsabs.harvard.edu/abs/2018ApJ...853..170K},
      adsnote = {Provided by the SAO/NASA Astrophysics Data System}
}
@ARTICLE{oo2011,
       author = {{O'Connor}, Evan and {Ott}, Christian D.},
        title = "{Black Hole Formation in Failing Core-Collapse Supernovae}",
      journal = {\apj},
     keywords = {black hole physics, equation of state, hydrodynamics, neutrinos, stars: evolution, stars: mass-loss, stars: neutron, supernovae: general, Astrophysics - High Energy Astrophysical Phenomena, Astrophysics - Solar and Stellar Astrophysics, General Relativity and Quantum Cosmology},
         year = 2011,
        month = apr,
       volume = {730},
       number = {2},
          eid = {70},
        pages = {70},
          doi = {10.1088/0004-637X/730/2/70},
archivePrefix = {arXiv},
       eprint = {1010.5550},
 primaryClass = {astro-ph.HE},
       adsurl = {https://ui.adsabs.harvard.edu/abs/2011ApJ...730...70O},
      adsnote = {Provided by the SAO/NASA Astrophysics Data System}
}
@BOOK{hkt2004,
       author = {{Hansen}, Carl J. and {Kawaler}, Steven D. and {Trimble}, Virginia},
        title = "{Stellar interiors : physical principles, structure, and evolution}",
         year = 2004,
       adsurl = {https://ui.adsabs.harvard.edu/abs/2004sipp.book.....H},
    publisher = "{Springer}",
      adsnote = {Provided by the SAO/NASA Astrophysics Data System}
}
@ARTICLE{yem2017,
       author = {{Yakunin}, K.~N. and {Endeve}, E. and {Mezzacappa}, A. and {Szczpanczyk}, M. and {Zanolin}, M. and {Marronetti}, P. and {Lentz}, E.~J. and {Bruenn}, S.~W. and {Hix}, W.~R. and {Messer}, O.~E.~B. and {Blondin}, J.~M. and {Harris}, J.~A.},
        title = "{Gravitational wave signals from multi-dimensional core-collapse supernova explosion simulations}",
      journal = {arXiv e-prints},
     keywords = {Astrophysics - High Energy Astrophysical Phenomena, General Relativity and Quantum Cosmology},
         year = 2017,
        month = oct,
          eid = {arXiv:1710.08372},
        pages = {arXiv:1710.08372},
          doi = {10.48550/arXiv.1710.08372},
archivePrefix = {arXiv},
       eprint = {1710.08372},
 primaryClass = {astro-ph.HE},
       adsurl = {https://ui.adsabs.harvard.edu/abs/2017arXiv171008372Y},
      adsnote = {Provided by the SAO/NASA Astrophysics Data System}
}
@BOOK{bw2017,
       author = {{Branch}, David and {Wheeler}, J. Craig},
        title = "{Supernova Explosions}",
         year = 2017,
          doi = {10.1007/978-3-662-55054-0},
       adsurl = {https://ui.adsabs.harvard.edu/abs/2017suex.book.....B},
      adsnote = {Provided by the SAO/NASA Astrophysics Data System}
}
@ARTICLE{aaa2016,
       author = {{Abbott}, B.~P. and {Abbott}, R. and {Abbott}, T.~D. and {Abernathy}, M.~R. and {Acernese}, F. and {Ackley}, K. and {Adams}, C. and {Adams}, T. and {Addesso}, P. and {Adhikari}, R.~X. and {Adya}, V.~B. and {Affeldt}, C. and {Agathos}, M. and {Agatsuma}, K. and {Aggarwal}, N. and {Aguiar}, O.~D. and {Ain}, A. and {Ajith}, P. and {Allen}, B. and {Allocca}, A. and {Altin}, P.~A. and {Amariutei}, D.~V. and {Anderson}, S.~B. and {Anderson}, W.~G. and {Arai}, K. and {Araya}, M.~C. and {Arceneaux}, C.~C. and {Areeda}, J.~S. and {Arnaud}, N. and {Arun}, K.~G. and {Ashton}, G. and {Ast}, M. and {Aston}, S.~M. and {Astone}, P. and {Aufmuth}, P. and {Aulbert}, C. and {Babak}, S. and {Baker}, P.~T. and {Baldaccini}, F. and {Ballardin}, G. and {Ballmer}, S.~W. and {Barayoga}, J.~C. and {Barclay}, S.~E. and {Barish}, B.~C. and {Barker}, D. and {Barone}, F. and {Barr}, B. and {Barsotti}, L. and {Barsuglia}, M. and {Barta}, D. and {Bartlett}, J. and {Bartos}, I. and {Bassiri}, R. and {Basti}, A. and {Batch}, J.~C. and {Baune}, C. and {Bavigadda}, V. and {Bazzan}, M. and {Behnke}, B. and {Bejger}, M. and {Belczynski}, C. and {Bell}, A.~S. and {Bell}, C.~J. and {Berger}, B.~K. and {Bergman}, J. and {Bergmann}, G. and {Berry}, C.~P.~L. and {Bersanetti}, D. and {Bertolini}, A. and {Betzwieser}, J. and {Bhagwat}, S. and {Bhandare}, R. and {Bilenko}, I.~A. and {Billingsley}, G. and {Birch}, J. and {Birney}, R. and {Biscans}, S. and {Bisht}, A. and {Bitossi}, M. and {Biwer}, C. and {Bizouard}, M.~A. and {Blackburn}, J.~K. and {Blair}, C.~D. and {Blair}, D. and {Blair}, R.~M. and {Bloemen}, S. and {Bock}, O. and {Bodiya}, T.~P. and {Boer}, M. and {Bogaert}, G. and {Bogan}, C. and {Bohe}, A. and {Bojtos}, P. and {Bond}, C. and {Bondu}, F. and {Bonnand}, R. and {Bork}, R. and {Boschi}, V. and {Bose}, S. and {Bozzi}, A. and {Bradaschia}, C. and {Brady}, P.~R. and {Braginsky}, V.~B. and {Branchesi}, M. and {Brau}, J.~E. and {Briant}, T. and {Brillet}, A. and {Brinkmann}, M. and {Brisson}, V. and {Brockill}, P. and {Brooks}, A.~F. and {Brown}, D.~A. and {Brown}, D.~D. and {Brown}, N.~M. and {Buchanan}, C.~C. and {Buikema}, A. and {Bulik}, T. and {Bulten}, H.~J. and {Buonanno}, A. and {Buskulic}, D. and {Buy}, C. and {Byer}, R.~L. and {Cadonati}, L. and {Cagnoli}, G. and {Cahillane}, C. and {Calder{\'o}n Bustillo}, J. and {Callister}, T. and {Calloni}, E. and {Camp}, J.~B. and {Cannon}, K.~C. and {Cao}, J. and {Capano}, C.~D. and {Capocasa}, E. and {Carbognani}, F. and {Caride}, S. and {Casanueva Diaz}, J. and {Casentini}, C. and {Caudill}, S. and {Cavagli{\`a}}, M. and {Cavalier}, F. and {Cavalieri}, R. and {Cella}, G. and {Cepeda}, C. and {Cerboni Baiardi}, L. and {Cerretani}, G. and {Cesarini}, E. and {Chakraborty}, R. and {Chalermsongsak}, T. and {Chamberlin}, S.~J. and {Chan}, M. and {Chao}, S. and {Charlton}, P. and {Chassande-Mottin}, E. and {Chen}, H.~Y. and {Chen}, Y. and {Cheng}, C. and {Chincarini}, A. and {Chiummo}, A. and {Cho}, H.~S. and {Cho}, M. and {Chow}, J.~H. and {Christensen}, N. and {Chu}, Q. and {Chua}, S. and {Chung}, S. and {Ciani}, G. and {Clara}, F. and {Clark}, J.~A. and {Cleva}, F. and {Coccia}, E. and {Cohadon}, P. -F. and {Colla}, A. and {Collette}, C.~G. and {Constancio}, M. and {Conte}, A. and {Conti}, L. and {Cook}, D. and {Corbitt}, T.~R. and {Cornish}, N. and {Corsi}, A. and {Cortese}, S. and {Costa}, C.~A. and {Coughlin}, M.~W. and {Coughlin}, S.~B. and {Coulon}, J. -P. and {Countryman}, S.~T. and {Couvares}, P. and {Coward}, D.~M. and {Cowart}, M.~J. and {Coyne}, D.~C. and {Coyne}, R. and {Craig}, K. and {Creighton}, J.~D.~E. and {Cripe}, J. and {Crowder}, S.~G. and {Cumming}, A. and {Cunningham}, L. and {Cuoco}, E. and {Dal Canton}, T. and {Danilishin}, S.~L. and {D'Antonio}, S. and {Danzmann}, K. and {Darman}, N.~S. and {Dattilo}, V. and {Dave}, I. and {Daveloza}, H.~P. and {Davier}, M. and {Davies}, G.~S. and {Daw}, E.~J. and {Day}, R. and {DeBra}, D. and {Debreczeni}, G. and {Degallaix}, J. and {De Laurentis}, M. and {Del{\'e}glise}, S. and {Del Pozzo}, W. and {Denker}, T. and {Dent}, T. and {Dereli}, H. and {Dergachev}, V. and {DeRosa}, R. and {De Rosa}, R. and {DeSalvo}, R. and {Dhurandhar}, S. and {D{\'\i}az}, M.~C. and {Di Fiore}, L. and {Di Giovanni}, M. and {Di Lieto}, A. and {Di Palma}, I. and {Di Virgilio}, A. and {Dojcinoski}, G. and {Dolique}, V. and {Donovan}, F. and {Dooley}, K.~L. and {Doravari}, S. and {Douglas}, R. and {Downes}, T.~P. and {Drago}, M. and {Drever}, R.~W.~P. and {Driggers}, J.~C. and {Du}, Z. and {Ducrot}, M. and {Dwyer}, S.~E. and {Edo}, T.~B. and {Edwards}, M.~C. and {Effler}, A. and {Eggenstein}, H. -B. and {Ehrens}, P. and {Eichholz}, J.~M. and {Eikenberry}, S.~S. and {Engels}, W. and {Essick}, R.~C. and {Etzel}, T. and {Evans}, M. and {Evans}, T.~M. and {Everett}, R. and {Factourovich}, M. and {Fafone}, V. and {Fair}, H. and {Fairhurst}, S. and {Fan}, X. and {Fang}, Q. and {Farinon}, S. and {Farr}, B. and {Farr}, W.~M. and {Favata}, M. and {Fays}, M. and {Fehrmann}, H. and {Fejer}, M.~M. and {Ferrante}, I. and {Ferreira}, E.~C. and {Ferrini}, F. and {Fidecaro}, F. and {Fiori}, I. and {Fisher}, R.~P. and {Flaminio}, R. and {Fletcher}, M. and {Fournier}, J. -D. and {Franco}, S. and {Frasca}, S. and {Frasconi}, F. and {Frei}, Z. and {Freise}, A. and {Frey}, R. and {Fricke}, T.~T. and {Fritschel}, P. and {Frolov}, V.~V. and {Fulda}, P. and {Fyffe}, M. and {Gabbard}, H.~A.~G. and {Gair}, J.~R. and {Gammaitoni}, L. and {Gaonkar}, S.~G. and {Garufi}, F. and {Gatto}, A. and {Gaur}, G. and {Gehrels}, N. and {Gemme}, G. and {Gendre}, B. and {Genin}, E. and {Gennai}, A. and {George}, J. and {Gergely}, L. and {Germain}, V. and {Ghosh}, A. and {Ghosh}, S. and {Giaime}, J.~A. and {Giardina}, K.~D. and {Giazotto}, A. and {Gill}, K. and {Glaefke}, A. and {Goetz}, E. and {Goetz}, R. and {Gondan}, L. and {Gonz{\'a}lez}, G. and {Gonzalez Castro}, J.~M. and {Gopakumar}, A. and {Gordon}, N.~A. and {Gorodetsky}, M.~L. and {Gossan}, S.~E. and {Gosselin}, M. and {Gouaty}, R. and {Graef}, C. and {Graff}, P.~B. and {Granata}, M. and {Grant}, A. and {Gras}, S. and {Gray}, C. and {Greco}, G. and {Green}, A.~C. and {Groot}, P. and {Grote}, H. and {Grunewald}, S. and {Guidi}, G.~M. and {Guo}, X. and {Gupta}, A. and {Gupta}, M.~K. and {Gushwa}, K.~E. and {Gustafson}, E.~K. and {Gustafson}, R. and {Hacker}, J.~J. and {Hall}, B.~R. and {Hall}, E.~D. and {Hammond}, G. and {Haney}, M. and {Hanke}, M.~M. and {Hanks}, J. and {Hanna}, C. and {Hannam}, M.~D. and {Hanson}, J. and {Hardwick}, T. and {Harms}, J. and {Harry}, G.~M. and {Harry}, I.~W. and {Hart}, M.~J. and {Hartman}, M.~T. and {Haster}, C. -J. and {Haughian}, K. and {Heidmann}, A. and {Heintze}, M.~C. and {Heitmann}, H. and {Hello}, P. and {Hemming}, G. and {Hendry}, M. and {Heng}, I.~S. and {Hennig}, J. and {Heptonstall}, A.~W. and {Heurs}, M. and {Hild}, S. and {Hoak}, D. and {Hodge}, K.~A. and {Hofman}, D. and {Hollitt}, S.~E. and {Holt}, K. and {Holz}, D.~E. and {Hopkins}, P. and {Hosken}, D.~J. and {Hough}, J. and {Houston}, E.~A. and {Howell}, E.~J. and {Hu}, Y.~M. and {Huang}, S. and {Huerta}, E.~A. and {Huet}, D. and {Hughey}, B. and {Husa}, S. and {Huttner}, S.~H. and {Huynh-Dinh}, T. and {Idrisy}, A. and {Indik}, N. and {Ingram}, D.~R. and {Inta}, R. and {Isa}, H.~N. and {Isac}, J. -M. and {Isi}, M. and {Islas}, G. and {Isogai}, T. and {Iyer}, B.~R. and {Izumi}, K. and {Jacqmin}, T. and {Jang}, H. and {Jani}, K. and {Jaranowski}, P. and {Jawahar}, S. and {Jim{\'e}nez-Forteza}, F. and {Johnson}, W.~W. and {Jones}, D.~I. and {Jones}, R. and {Jonker}, R.~J.~G. and {Ju}, L. and {K}, Haris and {Kalaghatgi}, C.~V. and {Kalogera}, V. and {Kandhasamy}, S. and {Kang}, G. and {Kanner}, J.~B. and {Karki}, S. and {Kasprzack}, M. and {Katsavounidis}, E. and {Katzman}, W. and {Kaufer}, S. and {Kaur}, T. and {Kawabe}, K. and {Kawazoe}, F. and {K{\'e}f{\'e}lian}, F. and {Kehl}, M.~S. and {Keitel}, D. and {Kelley}, D.~B. and {Kells}, W. and {Kennedy}, R. and {Key}, J.~S. and {Khalaidovski}, A. and {Khalili}, F.~Y. and {Khan}, S. and {Khan}, Z. and {Khazanov}, E.~A. and {Kijbunchoo}, N. and {Kim}, C. and {Kim}, J. and {Kim}, K. and {Kim}, N. and {Kim}, N. and {Kim}, Y. -M. and {King}, E.~J. and {King}, P.~J. and {Kinzel}, D.~L. and {Kissel}, J.~S. and {Kleybolte}, L. and {Klimenko}, S. and {Koehlenbeck}, S.~M. and {Kokeyama}, K. and {Koley}, S. and {Kondrashov}, V. and {Kontos}, A. and {Korobko}, M. and {Korth}, W.~Z. and {Kowalska}, I. and {Kozak}, D.~B. and {Kringel}, V. and {Krishnan}, B. and {Kr{\'o}lak}, A. and {Krueger}, C. and {Kuehn}, G. and {Kumar}, P. and {Kuo}, L. and {Kutynia}, A. and {Lackey}, B.~D. and {Landry}, M. and {Lange}, J. and {Lantz}, B. and {Lasky}, P.~D. and {Lazzarini}, A. and {Lazzaro}, C. and {Leaci}, P. and {Leavey}, S. and {Lebigot}, E. and {Lee}, C.~H. and {Lee}, H.~K. and {Lee}, H.~M. and {Lee}, K. and {Lenon}, A. and {Leonardi}, M. and {Leong}, J.~R. and {Leroy}, N. and {Letendre}, N. and {Levin}, Y. and {Levine}, B.~M. and {Li}, T.~G.~F. and {Libson}, A. and {Littenberg}, T.~B. and {Lockerbie}, N.~A. and {Logue}, J. and {Lombardi}, A.~L. and {Lord}, J.~E. and {Lorenzini}, M. and {Loriette}, V. and {Lormand}, M. and {Losurdo}, G. and {Lough}, J.~D. and {L{\"u}ck}, H. and {Lundgren}, A.~P. and {Luo}, J. and {Lynch}, R. and {Ma}, Y. and {MacDonald}, T. and {Machenschalk}, B. and {MacInnis}, M. and {Macleod}, D.~M. and {Magana-Sandoval}, F. and {Magee}, R.~M. and {Mageswaran}, M. and {Majorana}, E. and {Maksimovic}, I. and {Malvezzi}, V. and {Man}, N. and {Mandel}, I. and {Mandic}, V. and {Mangano}, V. and {Mansell}, G.~L. and {Manske}, M. and {Mantovani}, M. and {Marchesoni}, F. and {Marion}, F. and {M{\'a}rka}, S. and {M{\'a}rka}, Z. and {Markosyan}, A.~S. and {Maros}, E. and {Martelli}, F. and {Martellini}, L. and {Martin}, I.~W. and {Martin}, R.~M. and {Martynov}, D.~V. and {Marx}, J.~N. and {Mason}, K. and {Masserot}, A. and {Massinger}, T.~J. and {Masso-Reid}, M. and {Matichard}, F. and {Matone}, L. and {Mavalvala}, N. and {Mazumder}, N. and {Mazzolo}, G. and {McCarthy}, R. and {McClelland}, D.~E. and {McCormick}, S. and {McGuire}, S.~C. and {McIntyre}, G. and {McIver}, J. and {McManus}, D.~J. and {McWilliams}, S.~T. and {Meacher}, D. and {Meadors}, G.~D. and {Meidam}, J. and {Melatos}, A. and {Mendell}, G. and {Mendoza-Gandara}, D. and {Mercer}, R.~A. and {Merilh}, E. and {Merzougui}, M. and {Meshkov}, S. and {Messenger}, C. and {Messick}, C. and {Meyers}, P.~M. and {Mezzani}, F. and {Miao}, H. and {Michel}, C. and {Middleton}, H. and {Mikhailov}, E.~E. and {Milano}, L. and {Miller}, J. and {Millhouse}, M. and {Minenkov}, Y. and {Ming}, J. and {Mirshekari}, S. and {Mishra}, C. and {Mitra}, S. and {Mitrofanov}, V.~P. and {Mitselmakher}, G. and {Mittleman}, R. and {Moggi}, A. and {Mohan}, M. and {Mohapatra}, S.~R.~P. and {Montani}, M. and {Moore}, B.~C. and {Moore}, C.~J. and {Moraru}, D. and {Moreno}, G. and {Morriss}, S.~R. and {Mossavi}, K. and {Mours}, B. and {Mow-Lowry}, C.~M. and {Mueller}, C.~L. and {Mueller}, G. and {Muir}, A.~W. and {Mukherjee}, Arunava and {Mukherjee}, D. and {Mukherjee}, S. and {Mullavey}, A. and {Munch}, J. and {Murphy}, D.~J. and {Murray}, P.~G. and {Mytidis}, A. and {Nardecchia}, I. and {Naticchioni}, L. and {Nayak}, R.~K. and {Necula}, V. and {Nedkova}, K. and {Nelemans}, G. and {Neri}, M. and {Neunzert}, A. and {Newton}, G. and {Nguyen}, T.~T. and {Nielsen}, A.~B. and {Nissanke}, S. and {Nitz}, A. and {Nocera}, F. and {Nolting}, D. and {Normandin}, M.~E.~N. and {Nuttall}, L.~K. and {Oberling}, J. and {Ochsner}, E. and {O'Dell}, J. and {Oelker}, E. and {Ogin}, G.~H. and {Oh}, J.~J. and {Oh}, S.~H. and {Ohme}, F. and {Oliver}, M. and {Oppermann}, P. and {Oram}, Richard J. and {O'Reilly}, B. and {O'Shaughnessy}, R. and {Ott}, C.~D. and {Ottaway}, D.~J. and {Ottens}, R.~S. and {Overmier}, H. and {Owen}, B.~J. and {Pai}, A. and {Pai}, S.~A. and {Palamos}, J.~R. and {Palashov}, O. and {Palomba}, C. and {Pal-Singh}, A. and {Pan}, H. and {Pankow}, C. and {Pannarale}, F. and {Pant}, B.~C. and {Paoletti}, F. and {Paoli}, A. and {Papa}, M.~A. and {Paris}, H.~R. and {Parker}, W. and {Pascucci}, D. and {Pasqualetti}, A. and {Passaquieti}, R. and {Passuello}, D. and {Patrick}, Z. and {Pearlstone}, B.~L. and {Pedraza}, M. and {Pedurand}, R. and {Pekowsky}, L. and {Pele}, A. and {Penn}, S. and {Pereira}, R. and {Perreca}, A. and {Phelps}, M. and {Piccinni}, O. and {Pichot}, M. and {Piergiovanni}, F. and {Pierro}, V. and {Pillant}, G. and {Pinard}, L. and {Pinto}, I.~M. and {Pitkin}, M. and {Poggiani}, R. and {Post}, A. and {Powell}, J. and {Prasad}, J. and {Predoi}, V. and {Premachandra}, S.~S. and {Prestegard}, T. and {Price}, L.~R. and {Prijatelj}, M. and {Principe}, M. and {Privitera}, S. and {Prodi}, G.~A. and {Prokhorov}, L. and {Punturo}, M. and {Puppo}, P. and {P{\"u}rrer}, M. and {Qi}, H. and {Qin}, J. and {Quetschke}, V. and {Quintero}, E.~A. and {Quitzow-James}, R. and {Raab}, F.~J. and {Rabeling}, D.~S. and {Radkins}, H. and {Raffai}, P. and {Raja}, S. and {Rakhmanov}, M. and {Rapagnani}, P. and {Raymond}, V. and {Razzano}, M. and {Re}, V. and {Read}, J. and {Reed}, C.~M. and {Regimbau}, T. and {Rei}, L. and {Reid}, S. and {Reitze}, D.~H. and {Rew}, H. and {Ricci}, F. and {Riles}, K. and {Robertson}, N.~A. and {Robie}, R. and {Robinet}, F. and {Rocchi}, A. and {Rolland}, L. and {Rollins}, J.~G. and {Roma}, V.~J. and {Romano}, J.~D. and {Romano}, R. and {Romanov}, G. and {Romie}, J.~H. and {Rosi{\'n}ska}, D. and {Rowan}, S. and {R{\"u}diger}, A. and {Ruggi}, P. and {Ryan}, K. and {Sachdev}, S. and {Sadecki}, T. and {Sadeghian}, L. and {Saleem}, M. and {Salemi}, F. and {Samajdar}, A. and {Sammut}, L. and {Sanchez}, E.~J. and {Sandberg}, V. and {Sandeen}, B. and {Sanders}, J.~R. and {Sassolas}, B. and {Sathyaprakash}, B.~S. and {Saulson}, P.~R. and {Sauter}, O. and {Savage}, R.~L. and {Sawadsky}, A. and {Schale}, P. and {Schilling}, R. and {Schmidt}, J. and {Schmidt}, P. and {Schnabel}, R. and {Schofield}, R.~M.~S. and {Sch{\"o}nbeck}, A. and {Schreiber}, E. and {Schuette}, D. and {Schutz}, B.~F. and {Scott}, J. and {Scott}, S.~M. and {Sellers}, D. and {Sentenac}, D. and {Sequino}, V. and {Sergeev}, A. and {Serna}, G. and {Setyawati}, Y. and {Sevigny}, A. and {Shaddock}, D.~A. and {Shah}, S. and {Shahriar}, M.~S. and {Shaltev}, M. and {Shao}, Z. and {Shapiro}, B. and {Shawhan}, P. and {Sheperd}, A. and {Shoemaker}, D.~H. and {Shoemaker}, D.~M. and {Siellez}, K. and {Siemens}, X. and {Sigg}, D. and {Silva}, A.~D. and {Simakov}, D. and {Singer}, A. and {Singer}, L.~P. and {Singh}, A. and {Singh}, R. and {Sintes}, A.~M. and {Slagmolen}, B.~J.~J. and {Smith}, J.~R. and {Smith}, N.~D. and {Smith}, R.~J.~E. and {Son}, E.~J. and {Sorazu}, B. and {Sorrentino}, F. and {Souradeep}, T. and {Srivastava}, A.~K. and {Staley}, A. and {Steinke}, M. and {Steinlechner}, J. and {Steinlechner}, S. and {Steinmeyer}, D. and {Stephens}, B.~C. and {Stone}, R. and {Strain}, K.~A. and {Straniero}, N. and {Stratta}, G. and {Strauss}, N.~A. and {Strigin}, S. and {Sturani}, R. and {Stuver}, A.~L. and {Summerscales}, T.~Z. and {Sun}, L. and {Sutton}, P.~J. and {Swinkels}, B.~L. and {Szczepanczyk}, M.~J. and {Tacca}, M. and {Talukder}, D. and {Tanner}, D.~B. and {T{\'a}pai}, M. and {Tarabrin}, S.~P. and {Taracchini}, A. and {Taylor}, R. and {Theeg}, T. and {Thirugnanasambandam}, M.~P. and {Thomas}, E.~G. and {Thomas}, M. and {Thomas}, P. and {Thorne}, K.~A. and {Thorne}, K.~S. and {Thrane}, E. and {Tiwari}, S. and {Tiwari}, V. and {Tokmakov}, K.~V. and {Tomlinson}, C. and {Tonelli}, M. and {Torres}, C.~V. and {Torrie}, C.~I. and {T{\"o}yr{\"a}}, D. and {Travasso}, F. and {Traylor}, G. and {Trifir{\`o}}, D. and {Tringali}, M.~C. and {Trozzo}, L. and {Tse}, M. and {Turconi}, M. and {Tuyenbayev}, D. and {Ugolini}, D. and {Unnikrishnan}, C.~S. and {Urban}, A.~L. and {Usman}, S.~A. and {Vahlbruch}, H. and {Vajente}, G. and {Valdes}, G. and {van Bakel}, N. and {van Beuzekom}, M. and {van den Brand}, J.~F.~J. and {van den Broeck}, C. and {Vander-Hyde}, D.~C. and {van der Schaaf}, L. and {van der Sluys}, M.~V. and {van Heijningen}, J.~V. and {van Veggel}, A.~A. and {Vardaro}, M. and {Vass}, S. and {Vas{\'u}th}, M. and {Vaulin}, R. and {Vecchio}, A. and {Vedovato}, G. and {Veitch}, J. and {Veitch}, P.~J. and {Venkateswara}, K. and {Verkindt}, D. and {Vetrano}, F. and {Vicer{\'e}}, A. and {Vinciguerra}, S. and {Vine}, D.~J. and {Vinet}, J. -Y. and {Vitale}, S. and {Vo}, T. and {Vocca}, H. and {Vorvick}, C. and {Vousden}, W.~D. and {Vyatchanin}, S.~P. and {Wade}, A.~R. and {Wade}, L.~E. and {Wade}, M. and {Walker}, M. and {Wallace}, L. and {Walsh}, S. and {Wang}, G. and {Wang}, H. and {Wang}, M. and {Wang}, X. and {Wang}, Y. and {Ward}, R.~L. and {Warner}, J. and {Was}, M. and {Weaver}, B. and {Wei}, L. -W. and {Weinert}, M. and {Weinstein}, A.~J. and {Weiss}, R. and {Welborn}, T. and {Wen}, L. and {We{\ss}els}, P. and {Westphal}, T. and {Wette}, K. and {Whelan}, J.~T. and {White}, D.~J. and {Whiting}, B.~F. and {Williams}, R.~D. and {Williamson}, A.~R. and {Willis}, J.~L. and {Willke}, B. and {Wimmer}, M.~H. and {Winkler}, W. and {Wipf}, C.~C. and {Wittel}, H. and {Woan}, G. and {Worden}, J. and {Wright}, J.~L. and {Wu}, G. and {Yablon}, J. and {Yam}, W. and {Yamamoto}, H. and {Yancey}, C.~C. and {Yap}, M.~J. and {Yu}, H. and {Yvert}, M. and {Zadro{\.z}ny}, A. and {Zangrando}, L. and {Zanolin}, M. and {Zendri}, J. -P. and {Zevin}, M. and {Zhang}, F. and {Zhang}, L. and {Zhang}, M. and {Zhang}, Y. and {Zhao}, C. and {Zhou}, M. and {Zhou}, Z. and {Zhu}, X.~J. and {Zucker}, M.~E. and {Zuraw}, S.~E. and {Zweizig}, J. and {LIGO Scientific Collaboration} and {Virgo Collaboration}},
        title = "{Prospects for Observing and Localizing Gravitational-Wave Transients with Advanced LIGO and Advanced Virgo}",
      journal = {Living Reviews in Relativity},
     keywords = {Data analysis, Gravitational-wave detectors, Gravitational waves, Electromagnetic counterparts},
         year = 2016,
        month = feb,
       volume = {19},
       number = {1},
          eid = {1},
        pages = {1},
          doi = {10.1007/lrr-2016-1},
       adsurl = {https://ui.adsabs.harvard.edu/abs/2016LRR....19....1A},
      adsnote = {Provided by the SAO/NASA Astrophysics Data System}
}
@ARTICLE{cs1998,
       author = {{Cockburn}, Bernardo and {Shu}, Chi-Wang},
        title = "{The Runge-Kutta Discontinuous Galerkin Method for Conservation Laws V. Multidimensional Systems}",
      journal = {Journal of Computational Physics},
         year = 1998,
        month = apr,
       volume = {141},
       number = {2},
        pages = {199-224},
          doi = {10.1006/jcph.1998.5892},
       adsurl = {https://ui.adsabs.harvard.edu/abs/1998JCoPh.141..199C},
      adsnote = {Provided by the SAO/NASA Astrophysics Data System}
}
@ARTICLE{m2005,
       author = {{Mezzacappa}, Anthony},
        title = "{ASCERTAINING THE CORE COLLAPSE SUPERNOVA MECHANISM: The State of the Art and the Road Ahead}",
      journal = {Annual Review of Nuclear and Particle Science},
         year = 2005,
        month = dec,
       volume = {55},
       number = {1},
        pages = {467-515},
          doi = {10.1146/annurev.nucl.55.090704.151608},
       adsurl = {https://ui.adsabs.harvard.edu/abs/2005ARNPS..55..467M},
      adsnote = {Provided by the SAO/NASA Astrophysics Data System}
}
@ARTICLE{hm1981,
       author = {{Hillebrandt}, W. and {Mueller}, E.},
        title = "{Computer simulations of stellar collapse and shock wave propagation}",
      journal = {\aap},
     keywords = {Computerized Simulation, Gravitational Collapse, Shock Wave Propagation, Stellar Evolution, Supernovae, Astronomical Models, Neutrinos, Neutron Stars, Astrophysics},
         year = 1981,
        month = nov,
       volume = {103},
       number = {1},
        pages = {147-153},
       adsurl = {https://ui.adsabs.harvard.edu/abs/1981A&A...103..147H},
      adsnote = {Provided by the SAO/NASA Astrophysics Data System}
}
@BOOK{l2002,
     place={Cambridge},
    series={Cambridge Texts in Applied Mathematics},
     title={Finite Volume Methods for Hyperbolic Problems},
       DOI={10.1017/CBO9780511791253},
 publisher={Cambridge University Press},
    author={LeVeque, Randall J.},
      year={2002},
collection={Cambridge Texts in Applied Mathematics}
}
