@Article{wmm1996,
  author = {{Wilson}, J.~R. and {Mathews}, G.~J. and {Marronetti}, P.},
  title = "{Relativistic numerical model for close neutron-star binaries}",
  journal = {\prd},
  year = 1996,
  month = jul,
  volume = {54},
  number = {2},
  pages = {1317-1331},
  doi = {10.1103/PhysRevD.54.1317},
  archiveprefix = {arXiv},
  eprint = {gr-qc/9601017},
  primaryclass = {gr-qc},
  adsurl = {https://ui.adsabs.harvard.edu/abs/1996PhRvD..54.1317W}
}

@Article{lmt2001,
  author = {{Liebend{\"o}rfer}, Matthias and {Mezzacappa}, Anthony and {Thielemann}, Friedrich-Karl and {Messer}, O.~E. and {Hix}, W. Raphael and {Bruenn}, Stephen W.},
  title = "{Probing the gravitational well: No supernova explosion in spherical symmetry with general relativistic Boltzmann neutrino transport}",
  journal = {\prd},
  year = 2001,
  month = may,
  volume = {63},
  number = {10},
  eid = {103004},
  pages = {103004},
  doi = {10.1103/PhysRevD.63.103004},
  archiveprefix = {arXiv},
  eprint = {astro-ph/0006418},
  primaryclass = {astro-ph},
  adsurl = {https://ui.adsabs.harvard.edu/abs/2001PhRvD..63j3004L}
}

@Article{ccd2009,
  author = {{Cordero-Carri{\'o}n}, Isabel and {Cerd{\'a}-Dur{\'a}n}, Pablo and {Dimmelmeier}, Harald and {Jaramillo}, Jos{\'e} Luis and {Novak}, J{\'e}r{\^o}me and {Gourgoulhon}, Eric},
  title = "{Improved constrained scheme for the Einstein equations: An approach to the uniqueness issue}",
  journal = {\prd},
  year = 2009,
  month = jan,
  volume = {79},
  number = {2},
  eid = {024017},
  pages = {024017},
  doi = {10.1103/PhysRevD.79.024017},
  archiveprefix = {arXiv},
  eprint = {0809.2325},
  primaryclass = {gr-qc},
  adsurl = {https://ui.adsabs.harvard.edu/abs/2009PhRvD..79b4017C}
}

@InProceedings{dem2020,
  author = {{Dunham}, Samuel J. and {Endeve}, E. and {Mezzacappa}, A. and {Buffaloe}, J. and {Holley-Bockelmann}, K.},
  title = "{A discontinuous Galerkin method for general relativistic hydrodynamics in thornado}",
  booktitle = {Journal of Physics Conference Series},
  year = 2020,
  series = {Journal of Physics Conference Series},
  volume = {1623},
  month = sep,
  eid = {012012},
  pages = {012012},
  doi = {10.1088/1742-6596/1623/1/012012},
  archiveprefix = {arXiv},
  eprint = {2009.13025},
  primaryclass = {astro-ph.HE},
  adsurl = {https://ui.adsabs.harvard.edu/abs/2020JPhCS1623a2012D}
}

@Article{dem2023,
  author = {{Dunham}, Samuel J. and {Endeve}, Eirik and {Mezzacappa}, Anthony and {Blondin}, John M. and {Buffaloe}, Jesse and {Holley-Bockelmann}, Kelly},
  title = "{A Parametric Study of the SASI Comparing General Relativistic and Non-Relativistic Treatments}",
  journal = {arXiv e-prints},
  year = 2023,
  month = jul,
  eid = {arXiv:2307.10904},
  pages = {arXiv:2307.10904},
  doi = {10.48550/arXiv.2307.10904},
  archiveprefix = {arXiv},
  eprint = {2307.10904},
  primaryclass = {astro-ph.HE},
  adsurl = {https://ui.adsabs.harvard.edu/abs/2023arXiv230710904D}
}
